2072 3542
595 258 764 301 BOOK
803 257 1041 299 1.——0DE
1080 257 1296 298 xxvm.
1711 258 1784 313 99

249 404 411 455 Mixta
435 421 610 454 senum
633 421 693 452 ac
712 404 951 466 juvenum
975 402 1245 456 densentur
1266 403 1450 463 funera,
1476 401 1664 450 nullum

450 488 591 535 Saeva
615 494 765 548 caput
790 483 1086 547 Proserpina
1108 482 1276 546 fugit)⁵

243 647 373 697 'rMe
399 663 599 710 quoque
624 645 799 695 devexi
824 645 1024 709 rapidus
1050 661 1218 694 comes
1244 642 1443 694 Orionis

451 727 660 792 Illyricis
687 730 851 776 Notus
876 726 1040 776 obruit
1067 725 1228 774 undis.

247 812 316 859 At
340 818 406 871 tu,
435 818 599 869 nauta,
626 825 763 874 vagae
787 826 852 858 ne
877 825 1025 871 parce
1050 806 1294 870 malignus
1320 822 1482 854 arenae

453 890 662 941 Ossibus
689 899 738 940 et
763 889 914 954 capiti
938 889 1197 938 inhumato

249 1052 547 1102 Particulam
572 1052 688 1100 dare
711 1070 720 1100 z
758 1050 840 1111 sic,
869 1050 1207 1112 quodcunque
1230 1045 1497 1096 minabitur
1522 1047 1678 1094 Eurus

450 1133 707 1183 Fluctibus
735 1131 1008 1195 Hesperiis,
1036 1130 1307 1179 Venusinae

249 1217 534 1266 Plectantur
558 1214 705 1275 silvae,
733 1224 782 1263 te
809 1212 1007 1276 sospite,
1035 1213 1288 1274 multaque
1313 1226 1514 1270 merces,

451 1298 604 1347 Unde
629 1305 808 1360 potest,
837 1295 928 1344 tibi
954 1296 1140 1344 defluat
1164 1310 1310 1357 aequo

248 1462 330 1510 Ab
355 1462 496 1524 Jove,
526 1461 866 1522 Neptunoque
891 1456 1015 1506 sacri
1041 1456 1249 1505 custode
1273 1453 1491 1504 Tarenti.

455 1545 503 1591 N
508 1540 676 1605 egligis
701 1538 957 1588 immeritis
982 1538 1259 1587 nocituram

253 1624 529 1675 Postmodo
555 1633 603 1672 te
628 1614 756 1671 natis
781 1622 1003 1670 fraudem
1028 1619 1375 1668 committere?
1443 1618 1563 1666 Fors
1590 1624 1637 1664 et

454 1704 640 1755 Debita
658 1706 769 1768 jura
791 1703 1027 1766 vicesque
1051 1702 1278 1765 superbae

251 1871 327 1919 Te
350 1876 585 1917 maneant
607 1866 769 1930 ipsum
789 1885 798 1915 :
835 1864 1063 1929 precibus
1087 1880 1190 1912 non
1214 1861 1408 1925 linquar
1430 1859 1611 1919 inultis,

452 1952 626 2013 Teque
650 1948 846 2012 piacula
868 1948 1004 1995 nulla
1026 1947 1288 1994 resolvent.

254 2034 571 2096 Quamquam
596 2030 813 2090 festinas,
840 2046 944 2078 non
969 2037 1043 2078 est
1066 2043 1205 2076 mora
1228 2028 1378 2089 longa
1394 2043 1407 2087 3
1441 2022 1610 2073 licebit

454 2116 650 2178 Injecto
676 2122 750 2162 ter
772 2113 975 2176 pulvere
1000 2126 1178 2158 curras.
