2072 3542
632 277 801 319 BOOK
840 277 1120 319 IV.-ODE
1160 278 1241 319 ΧΙ.

406 422 669 473 Sordidum
693 423 906 472 flammae
930 421 1179 487 trepidant
1202 431 1420 474 rotantes

574 505 775 555 Vertiee
798 503 1036 571 fumum*

407 661 481 710 Ut
504 669 672 710 tamen
695 660 842 723 noriS,
870 660 1048 724 quibus
1073 661 1329 711 advoceris

408 741 628 804 Gaudiis,
657 743 779 791 Idus
804 742 893 791 tibi
919 752 1032 792 sunt
1055 744 1276 807 agendae,

409 822 509 886 Qui
534 810 640 872 dies
664 840 888 873 mensem
912 824 1120 874 Veneris
1145 825 1348 875 marinae

578 905 747 955 Findit
769 906 994 970 Aprilem
1011 925 1025 969 3

407 1058 526 1120 Jure
551 1057 803 1106 sollemnis
827 1057 964 1118 mihi,
991 1057 1317 1120 sanctiorque,

410 1140 560 1188 Paene
583 1139 734 1187 natali
757 1138 970 1201 proprio,
998 1139 1134 1201 quod
1160 1155 1220 1187 ex
1243 1139 1339 1186 hae

411 1223 546 1270 Luce
573 1223 827 1270 Maecenas
851 1237 991 1269 meus
1016 1222 1291 1270 adfluentes

584 1301 796 1353 Ordinat
820 1319 991 1351 annos.

412 1455 705 1518 Telephum,
729 1471 878 1517 quem
903 1464 956 1504 tu
980 1454 1120 1518 petis,
1149 1452 1425 1517 occupavit,

412 1538 532 1585 Non
557 1545 654 1585 tuae
680 1536 822 1586 sortis
844 1539 1093 1600 juvenem,
1121 1537 1287 1600 puella

415 1617 570 1667 Dives
596 1628 644 1667 et
668 1618 864 1679 lasciva,
891 1627 1126 1681 tenetque
1150 1627 1288 1682 grata

585 1701 845 1763 Compede
869 1700 1103 1750 vinctum.

416 1852 589 1899 Terret
613 1852 868 1899 ambustus
894 1852 1155 1900 Phaethon
1180 1868 1349 1900 avaras

416 1933 567 1995 Spes3
605 1942 654 1982 et
679 1935 960 1996 exemplum
983 1950 1130 1996 grave
1154 1935 1344 1996 praebet
1372 1934 1475 1982 ales

420 2016 649 2078 Pegasus,
678 2023 925 2063 terrenum
952 2014 1171 2077 equitem
1196 2023 1425 2079 gravatus

588 2097 1025 2160 Bellerophontem
1042 2115 1056 2158 3

420 2249 626 2311 Semper
648 2257 702 2297 ut
726 2257 775 2298 te
800 2248 949 2312 digna
974 2264 1192 2311 sequare,
1221 2257 1270 2297 et
1292 2249 1419 2297 ultra

422 2330 586 2390 Quam
609 2329 726 2378 lieet
750 2346 943 2393 sperare
968 2332 1106 2379 nefas
1131 2331 1356 2393 putando

422 2410 685 2475 Disparem
710 2411 846 2461 vites.
919 2414 1028 2476 Age
1048 2414 1167 2476 jam,
1194 2428 1382 2461 meorm

592 2492 727 2541 Finis
752 2510 990 2555 amorum,

425 2646 541 2693 Non
568 2643 699 2692 enim
723 2645 932 2706 posthae
955 2644 1051 2692 alia
1075 2646 1250 2694 calebo

431 2725 961 2787 Femina‚—-condisee
986 2727 1180 2786 modos,
1209 2727 1423 2775 amanda

425 2809 567 2856 Voce
592 2823 718 2870 quos
741 2808 919 2856 reddas
938 2826 950 2868 ;
985 2807 1266 2856 minuentur
1289 2818 1405 2857 atrae

594 2888 826 2938 Carmine
850 2905 992 2938 curae.

1668 278 1769 335 393
