2072 3542
541 301 708 343 BOOK
747 303 1035 343 111.—oDE
1075 303 1249 346 XXIX.
1632 299 1696 360 32
1705 306 1731 359 3

315 476 332 514 „s
400 446 695 509 Plerumque
717 455 868 510 gratae
892 445 1126 495 divitibus
1150 446 1298 508 vices,

398 528 704 590 Mundaeque
729 545 881 591 parvo
907 530 998 577 sub
1023 530 1125 577 lare
1150 545 1421 592 pauperum

208 646 255 713 C
275 608 653 690 ιηοιαθαπ,
681 609 787 659 sine
812 610 980 659 aulaeis
1005 619 1055 659 et
1079 619 1229 672 ostro,

270 688 279 694 ’
529 691 800 741 Sollicitam
826 691 1104 756 explicuere
1128 693 1373 742 frontem·

391 867 505 929 Jam
530 866 686 914 clarus
712 867 961 915 occultum
984 867 1321 916 Andromedae
1345 875 1485 930 pater

236 918 302 978 *T
396 947 629 997 Ostendit
653 947 818 1011 ignem
836 967 849 1010 5
879 949 984 1011 jam
1010 950 1238 1012 Procyon
1261 947 1387 1009 furit,

461 1031 526 1078 Et
550 1030 691 1078 stella
713 1029 883 1078 vesani
908 1029 1136 1090 Leonis,⁹⁶

529 1113 640 1161 Sole
666 1111 771 1160 dies
796 1113 1038 1161 referente
1063 1111 1222 1161 siccos
1243 1131 1253 1160 ε

388 1288 502 1349 Jam
527 1295 695 1350 pastor
717 1288 916 1336 umbras
942 1303 1055 1335 cum
1079 1302 1225 1349 grege
1250 1284 1486 1349 languido

233 1327 261 1408 έ
393 1369 675 1432 Rivumque
699 1371 855 1418 fessus
881 1368 1067 1432 quaerit,
1098 1378 1146 1417 et
1170 1368 1355 1418 horridi

460 1453 678 1500 Dumeta
703 1451 916 1512 Silvani3
953 1460 1185 1513 caretque

526 1532 658 1596 Ripa
681 1533 817 1596 vagis
842 1533 1085 1581 taciturna
1107 1531 1280 1581 ventis.

390 1710 468 1756 Tu
494 1707 744 1756 civitatem
770 1706 879 1770 quis
905 1707 1081 1771 deceat
1106 1715 1259 1755 status

197 1751 220 1824 ἶ
395 1791 564 1850 Curas,
595 1798 643 1838 et
669 1788 797 1838 Urbi
823 1775 1061 1837 sollicitus
1086 1787 1246 1849 times,

459 1871 595 1933 Quid
619 1873 759 1920 Seres
786 1880 834 1919 et
857 1879 1061 1933 regnata
1087 1871 1216 1933 Cyro

526 1956 701 2001 Bactra
724 1961 899 2016 parent
923 1951 1207 2014 Tanaisque
1233 1950 1432 2000 discors.

924 2005 1103 2022 Αἱ-

263 2180 280 2194 ,
387 2132 609 2180 Prudens
633 2129 779 2179 futuri
803 2128 1037 2192 temporis
1062 2127 1248 2177 exitum

234 2186 297 2236 Υ
388 2211 673 2275 Caliginosa
695 2220 844 2260 nocte
867 2210 1045 2274 premit
1069 2207 1207 2270 deus,

455 2293 724 2356 Ridetque,
752 2293 792 2342 si
816 2292 1034 2342 mortalis
1059 2293 1185 2340 ultra

523 2378 618 2425 Fas
643 2375 869 2439 trepidat.
945 2375 1097 2437 Quod
1121 2374 1263 2423 adest
1288 2381 1541 2422 memento

325 2569 328 2572 ·
388 2552 702 2613 Componere
727 2566 897 2613 aequus
914 2568 928 2612 3
965 2559 1128 2599 cetera
1151 2548 1364 2598 fluminis

282 2650 298 2659 ⁸
387 2631 507 2680 Ritu
532 2633 763 2693 feruntur,
791 2649 925 2680 nunc
948 2631 1116 2681 medio
1142 2631 1322 2694 alveo†

225 2651 285 2793 ἦ
453 2715 583 2762 Cum
606 2730 730 2776 pace
756 2713 1032 2762 delabentis
1060 2715 1320 2761 Etruscum

520 2797 580 2843 In
605 2811 753 2856 mare,
781 2812 914 2843 nunc
938 2795 1128 2858 lapides
1154 2795 1333 2844 adesos

384 2966 666 3030 Stirpesque
690 2978 868 3031 raptas,
899 2978 948 3018 et
970 2985 1123 3031 pecus
1151 2977 1199 3016 et
1223 2969 1400 3016 domos

196 3028 215 3087 l
238 3026 268 3082 0
382 3049 641 3098 Volventis
664 3067 776 3112 una,
803 3067 906 3100 non
932 3050 1037 3099 sine
1062 3049 1305 3099 montium
