2072 3542
652 272 817 314 BOOK
855 272 1133 314 IV.—ODE
1173 273 1206 314 Ι.

345 401 599 473 ,Namque
626 410 674 449 et
698 400 896 461 nobilis,
924 409 973 449 et
997 401 1198 462 decens,

436 485 500 532 Et
523 499 613 546 pro
640 482 861 532 sollicitis
886 500 989 532 non
1014 483 1191 532 tacitus
1217 483 1325 545 reis,

369 567 432 614 Et
457 574 658 614 centum
681 582 803 628 puer
827 564 1003 614 artium

434 646 559 695 Late
585 641 725 709 signa
749 648 871 695 feret
895 645 1083 695 militiae
1109 655 1207 695 tuae
1231 666 1241 696 ε

367 777 444 837 Et,
473 777 776 839 quandoque
800 775 1052 839 potentior

430 857 575 921 Largi
599 857 885 906 muneribus
910 857 1068 907 riserit
1093 858 1274 919 aemuli,

362 941 586 989 Albanos
611 955 766 1002 prope
791 948 839 988 te
864 941 1000 988 lacus

430 1025 590 1071 Ponet
613 1038 954 1082 marmoream,
982 1022 1073 1070 sub
1100 1023 1238 1070 trabe
1264 1020 1425 1071 citrea.

364 1152 475 1202 Illic
499 1151 711 1215 plurima
736 1150 936 1200 naribus

426 1236 596 1282 Duces
622 1234 779 1293 thura,
806 1226 1024 1296 lyraeque
1051 1241 1100 1281 et
1127 1232 1435 1297 Berecyntiae

363 1317 693 1385 Delectabere
718 1313 853 1363 tibiae

427 1395 600 1464 Mixtis
627 1395 941 1458 carminibus,
969 1412 1072 1445 non
1098 1394 1206 1445 sine
1230 1398 1408 1446 fistula.

361 1528 471 1577 Illic
494 1527 571 1578 bis
596 1527 736 1597 pueri
762 1526 844 1576 die

424 1613 627 1660 Numen
653 1626 766 1658 curn
791 1607 972 1658 teneris
997 1607 1267 1672 virginibus
1293 1619 1432 1658 tuum

357 1693 658 1752 Laudantes‚
685 1691 815 1754 pede
842 1682 1057 1739 candido

428 1777 489 1823 In
513 1790 702 1823 morem
729 1772 912 1822 Salium
938 1782 1012 1821 ter
1037 1771 1260 1835 quatient
1285 1774 1504 1821 humum.

356 1907 444 1955 Me
468 1922 564 1954 nec
587 1904 770 1953 femina
795 1921 889 1953 nec
914 1920 1035 1966 puer

418 1990 531 2050 Jam
557 2004 651 2036 nec
676 2003 789 2050 spes
815 1985 965 2034 animi
991 1986 1194 2034 credula
1216 1984 1387 2047 mutui,

354 2071 464 2118 Nec
490 2077 676 2118 certare
698 2069 839 2130 juvat
862 2083 1016 2126 mero,

420 2153 530 2199 Nec
553 2149 737 2199 vincire
763 2149 905 2198 novis
931 2158 1157 2211 tempora
1181 2147 1399 2197 fioribus.

351 2285 450 2333 Sed
476 2301 561 2332 cur
583 2285 698 2344 heu,
726 2281 1089 2346 Ligurinescur

417 2367 595 2413 Manat
619 2381 725 2412 rara
749 2380 885 2411 meas
910 2361 1112 2410 lacrima
1136 2377 1224 2424 per
1247 2362 1439 2424 genas?

352 2447 453 2495 Cur
476 2446 691 2494 facunda
714 2461 888 2508 parurn
913 2445 1098 2493 decoro

417 2529 555 2576 Inter
578 2529 730 2576 verba
754 2525 888 2575 cadit
912 2525 1080 2589 lingua
1105 2523 1301 2573 silentio
1322 2525 1344 2573 ?

351 2656 620 2706 Nocturnis
647 2673 740 2719 ego
767 2653 971 2705 somniis

413 2738 527 2800 Jam
552 2746 753 2800 captum
779 2746 942 2795 teneo,
967 2737 1070 2798 jam
1094 2736 1346 2783 volucrem
1372 2750 1551 2797 sequor

350 2821 425 2867 Te
450 2835 538 2881 per
560 2818 783 2882 gramina
810 2817 979 2866 Martii

416 2899 608 2963 Campi,
636 2909 685 2949 te
710 2916 798 2963 per
822 2915 989 2961 aquas,
1018 2899 1153 2958 dure,
1182 2896 1439 2946 volubiles,

1668 276 1768 330 345
