2072 3542
775 241 978 283 EPODE
1016 242 1077 284 ΙΙ.

357 380 539 440 Sabina
562 387 734 453 qualis,
761 397 846 437 aut
869 397 1068 452 perusta
1092 387 1280 438 solibus

425 470 643 520 Pernicis
667 487 792 519 uxor
814 469 981 534 Apuli,

355 555 558 603 Sacrum
582 552 786 602 vetustis
812 560 1028 601 exstruat
1050 550 1195 615 lignis
1220 552 1386 600 focum

423 634 564 684 Lassi
588 636 680 683 sub
705 635 975 683 adventum
998 632 1088 682 viri
1104 651 1118 695 3

355 717 708 780 Claudensque
733 715 877 765 textis
903 714 1118 764 cratibus
1143 716 1313 764 laetum
1337 731 1489 778 pecus

421 798 654 847 Distenta
679 797 831 847 siccet
853 798 1007 846 ubera
1022 815 1036 858 3

353 883 417 929 Et
440 882 598 930 horna
622 879 756 929 dulci
780 879 894 927 vina
917 895 1151 942 promens
1177 878 1313 928 dolio

379 962 382 964 ’
421 964 592 1025 Dapes
618 961 865 1024 inemptas
891 969 1125 1024 apparet:

350 1045 470 1092 Non
493 1060 575 1093 me
601 1043 816 1091 Lucrina
833 1042 1049 1106 juverint
1074 1041 1349 1106 conchylia,

419 1125 647 1189 Magisve
671 1126 923 1185 rhombus,
951 1133 1035 1173 aut
1060 1123 1198 1185 scari,

349 1207 399 1256 Si
424 1224 548 1270 quos
575 1207 695 1256 Eois
720 1206 946 1256 intonata
969 1206 1200 1255 fluctibus

418 1288 598 1338 Hiems
623 1290 688 1338 ad
713 1289 811 1337 hoc
834 1297 992 1337 vertat
1015 1305 1150 1337 mare
1167 1307 1181 1351 3

348 1373 466 1420 Non
489 1372 609 1420 Afra
632 1370 736 1420 avis
761 1371 1034 1420 descendat
1057 1370 1108 1418 in
1132 1379 1355 1419 ventrem
1380 1385 1561 1431 meum,

437 1454 556 1502 Non
582 1461 782 1516 attagen
809 1452 1012 1501 Ionicus
1028 1451 1056 1477 ἥ

343 1534 631 1597 Jucundior,
661 1552 810 1597 quam
834 1536 963 1583 lecta
986 1535 1050 1583 de
1074 1532 1406 1597 pinguissimis

412 1616 561 1666 Oliva
585 1616 734 1665 ramis
759 1618 1004 1678 arborum,

311 1695 442 1747 '‘'A'ut
465 1698 619 1747 herba
642 1696 829 1761 lapathi
844 1707 994 1761 ,prata
1017 1696 1242 1758 amantis,
1270 1705 1319 1746 et
1342 1695 1478 1760 gravi

412 1781 595 1828 Malvae
621 1781 839 1829 salubres
864 1778 1070 1842 corpori,
1155 1815 1163 1820 .

341 1862 437 1910 Vel
460 1878 588 1924 agna
610 1860 746 1910 festis
772 1877 903 1909 caesa
926 1859 1307 1921 Terminalibus,

406 1945 502 1993 Vel
525 1945 699 1994 haedus
724 1953 920 2008 ereptus
944 1946 1076 2008 lupo.

343 2027 453 2074 Has
479 2025 607 2075 inter
631 2028 814 2090 epulas,
842 2035 897 2075 ut
916 2028 1058 2090 juvat
1081 2034 1248 2089 pastas
1273 2041 1393 2075 oves

406 2107 590 2157 Videre
613 2117 934 2172 properantes
959 2109 1181 2169 domum,
1323 2097 1326 2099 i
1409 2116 1412 2118 ’

339 2188 525 2239 Videre
548 2191 704 2239 fessos
728 2207 981 2239 vomerem
1006 2189 1256 2239 inversum
1279 2191 1436 2239 boves

408 2272 554 2320 Collo
579 2272 830 2320 trahentes
854 2271 1104 2335 languido,

339 2352 635 2416 Positosque
659 2371 847 2415 vernas,
875 2353 989 2402 ditis
1014 2370 1222 2407 examen
1247 2353 1477 2415 domus,†

397 2434 606 2495 ,Circum
630 2435 913 2484 renidentes
940 2437 1089 2484 Lares
1111 2439 1119 2484 1
1138 2438 1148 2458 '

63 2929 263 2981 gathered
292 2936 333 2969 at
349 2942 503 2982 supper
522 2929 654 2968 round
670 2929 741 2969 the
758 2929 1148 2969 Lares.—COLUM.
1171 2928 1224 2967 xi.
1261 2938 1293 2978 1,
1322 2939 1381 2978 19.

339 2505 579 2565 Haec'u‘bi
602 2519 796 2566 locutus
822 2519 1069 2566 fenerator
1092 2518 1265 2578 Alfius,

402 2600 516 2661 Jam
536 2601 641 2662 Jam
666 2601 853 2647 futurus
878 2598 1103 2660 rustiCUS,

338 2681 554 2730 Omnem
578 2680 767 2744 redegit
794 2680 967 2729 Idibus
992 2679 1343 2743 pecuniam,—

408 2761 596 2823 Quaerit
624 2762 872 2826 Kalendis
893 2778 1090 2825 ponere.
1112 2761 1140 2823 ἶ

1654 243 1758 299 425

1445 2929 1468 2948 “
1486 2928 1577 2968 The
1596 2928 1742 2968 home-

64 2994 168 3033 born
189 2994 323 3034 slaves
344 2994 495 3034 cluster
514 2994 647 3033 round
664 2994 733 3033 the
753 2999 918 3042 master,
945 3007 989 3033 as
1011 2993 1080 3033 the
1101 2993 1198 3032 bees
1219 2993 1352 3033 round
1374 2993 1444 3033 the
1465 2991 1744 3044 queen-bee.’'

67 3059 324 3099 —R1TTER.

443 3124 470 3171 ‡
504 3125 532 3144 ‘⁶
547 3123 727 3163 Omnem
748 3122 906 3175 redegit
927 3122 1072 3162 Idibus
1092 3122 1380 3174 pecuniam,—

607 3188 766 3239 Quaerit
787 3187 992 3227 Kalendis
1012 3185 1212 3239 ponere.’'

61 3254 153 3294 The
173 3254 273 3304 ides,
298 3266 440 3302 noneS‚
467 3253 549 3292 and
568 3252 742 3293 kalends
761 3266 869 3293 were
890 3252 960 3293 the
980 3252 1150 3304 settling
1169 3251 1270 3304 days
1292 3252 1342 3291 of
1358 3251 1505 3291 Rome.
