<?xml version="1.0" encoding="UTF-8"?>
<!DOCTYPE html PUBLIC "-//W3C//DTD XHTML 1.0 Transitional//EN"
    "http://www.w3.org/TR/xhtml1/DTD/xhtml1-transitional.dtd">
<html xmlns="http://www.w3.org/1999/xhtml" xml:lang="en" lang="en">
 <head>
  <title>
</title>
<meta http-equiv="Content-Type" content="text/html;charset=utf-8" />
  <meta name='ocr-system' content='tesseract 3.04.00' />
  <meta name='ocr-capabilities' content='ocr_page ocr_carea ocr_par ocr_line ocrx_word'/>
</head>
<body>
  <div class='ocr_page' id='page_1' title='image "./odes00epodesofhorahorarich_0513.png"; bbox 0 0 2072 3542; ppageno 0'>
   <div class='ocr_carea' id='block_1_1' title="bbox 713 244 1717 312">
    <p class='ocr_par' dir='ltr' id='par_1_1' title="bbox 713 244 1717 312">
     <span class='ocr_line' id='line_1_1' title="bbox 713 244 1717 312; baseline -0.002 -14"><span class='ocrx_word' id='word_1_1' title='bbox 713 257 916 299; x_wconf 82' lang='lat' dir='ltr'>EPoDE</span> <span class='ocrx_word' id='word_1_2' title='bbox 956 258 1056 298; x_wconf 84' lang='lat' dir='ltr'>xv.</span> <span class='ocrx_word' id='word_1_3' title='bbox 1614 244 1717 312; x_wconf 87' lang='lat'>465</span> 
     </span>
    </p>
   </div>
   <div class='ocr_carea' id='block_1_2' title="bbox 49 400 1725 630">
    <p class='ocr_par' dir='ltr' id='par_1_2' title="bbox 49 400 1725 630">
     <span class='ocr_line' id='line_1_2' title="bbox 50 400 1724 466; baseline -0.001 -15"><span class='ocrx_word' id='word_1_4' title='bbox 50 401 258 466; x_wconf 88' lang='lat' dir='ltr'>bability</span> <span class='ocrx_word' id='word_1_5' title='bbox 281 400 321 450; x_wconf 91' lang='lat' dir='ltr'>is</span> <span class='ocrx_word' id='word_1_6' title='bbox 357 401 406 450; x_wconf 93' lang='lat' dir='ltr'>in</span> <span class='ocrx_word' id='word_1_7' title='bbox 432 403 604 451; x_wconf 84' lang='lat' dir='ltr'>favour</span> <span class='ocrx_word' id='word_1_8' title='bbox 638 404 697 452; x_wconf 91' lang='lat' dir='ltr'>of</span> <span class='ocrx_word' id='word_1_9' title='bbox 724 403 807 452; x_wconf 92' lang='lat' dir='ltr'>the</span> <span class='ocrx_word' id='word_1_10' title='bbox 844 401 1155 466; x_wconf 90' lang='lat' dir='ltr'>supposition</span> <span class='ocrx_word' id='word_1_11' title='bbox 1190 403 1297 451; x_wconf 89' lang='lat' dir='ltr'>that</span> <span class='ocrx_word' id='word_1_12' title='bbox 1331 401 1369 452; x_wconf 88' lang='lat' dir='ltr'>it</span> <span class='ocrx_word' id='word_1_13' title='bbox 1393 418 1490 451; x_wconf 87' lang='lat' dir='ltr'>was</span> <span class='ocrx_word' id='word_1_14' title='bbox 1525 401 1610 451; x_wconf 90' lang='lat' dir='ltr'>the</span> <span class='ocrx_word' id='word_1_15' title='bbox 1646 418 1724 452; x_wconf 87' lang='lat' dir='ltr'>ex-</span> 
     </span>
     <span class='ocr_line' id='line_1_3' title="bbox 49 483 1725 548; baseline 0 -16"><span class='ocrx_word' id='word_1_16' title='bbox 49 483 272 547; x_wconf 91' lang='lat' dir='ltr'>pression</span> <span class='ocrx_word' id='word_1_17' title='bbox 297 485 355 533; x_wconf 90' lang='lat' dir='ltr'>of</span> <span class='ocrx_word' id='word_1_18' title='bbox 370 501 400 533; x_wconf 91' lang='lat' dir='ltr'>a</span> <span class='ocrx_word' id='word_1_19' title='bbox 422 484 635 548; x_wconf 87' lang='lat' dir='ltr'>genuine</span> <span class='ocrx_word' id='word_1_20' title='bbox 661 484 939 546; x_wconf 86' lang='lat' dir='ltr'><strong>sentiment,</strong></span> <span class='ocrx_word' id='word_1_21' title='bbox 961 485 1061 534; x_wconf 91' lang='lat' dir='ltr'>and</span> <span class='ocrx_word' id='word_1_22' title='bbox 1084 485 1355 534; x_wconf 88' lang='lat' dir='ltr'>addressed</span> <span class='ocrx_word' id='word_1_23' title='bbox 1380 493 1432 534; x_wconf 91' lang='lat' dir='ltr'>to</span> <span class='ocrx_word' id='word_1_24' title='bbox 1447 501 1478 533; x_wconf 88' lang='lat' dir='ltr'>a</span> <span class='ocrx_word' id='word_1_25' title='bbox 1495 485 1596 534; x_wconf 91' lang='lat' dir='ltr'>real</span> <span class='ocrx_word' id='word_1_26' title='bbox 1619 500 1725 547; x_wconf 93' lang='lat' dir='ltr'>per-</span> 
     </span>
     <span class='ocr_line' id='line_1_4' title="bbox 50 566 1723 630; baseline 0.001 -16"><span class='ocrx_word' id='word_1_27' title='bbox 50 582 155 616; x_wconf 88' lang='lat' dir='ltr'>son.</span> <span class='ocrx_word' id='word_1_28' title='bbox 253 568 515 615; x_wconf 89' lang='lat' dir='ltr'>Macleane</span> <span class='ocrx_word' id='word_1_29' title='bbox 561 567 743 629; x_wconf 88' lang='lat' dir='ltr'>pushes</span> <span class='ocrx_word' id='word_1_30' title='bbox 782 575 868 615; x_wconf 94' lang='lat' dir='ltr'>too</span> <span class='ocrx_word' id='word_1_31' title='bbox 906 568 978 614; x_wconf 89' lang='lat' dir='ltr'>far</span> <span class='ocrx_word' id='word_1_32' title='bbox 1013 566 1090 615; x_wconf 88' lang='lat' dir='ltr'>his</span> <span class='ocrx_word' id='word_1_33' title='bbox 1132 566 1367 630; x_wconf 90' lang='lat' dir='ltr'>sceptical</span> <span class='ocrx_word' id='word_1_34' title='bbox 1407 567 1581 630; x_wconf 87' lang='lat' dir='ltr'>theory</span> <span class='ocrx_word' id='word_1_35' title='bbox 1616 566 1723 615; x_wconf 90' lang='lat' dir='ltr'>that</span> 
     </span>
    </p>
   </div>
   <div class='ocr_carea' id='block_1_3' title="bbox 48 648 1721 793">
    <p class='ocr_par' dir='ltr' id='par_1_3' title="bbox 48 648 1721 793">
     <span class='ocr_line' id='line_1_5' title="bbox 51 648 1721 713; baseline 0.002 -18"><span class='ocrx_word' id='word_1_36' title='bbox 51 648 290 697; x_wconf 88' lang='lat' dir='ltr'>Horace&#39;s</span> <span class='ocrx_word' id='word_1_37' title='bbox 315 649 622 712; x_wconf 87' lang='lat' dir='ltr'>love-poems</span> <span class='ocrx_word' id='word_1_38' title='bbox 647 666 729 698; x_wconf 88' lang='lat' dir='ltr'>are</span> <span class='ocrx_word' id='word_1_39' title='bbox 753 650 939 713; x_wconf 84' lang='lat' dir='ltr'>merely</span> <span class='ocrx_word' id='word_1_40' title='bbox 961 648 1146 699; x_wconf 84' lang='lat' dir='ltr'>artistic</span> <span class='ocrx_word' id='word_1_41' title='bbox 1172 649 1427 711; x_wconf 82' lang='lat' dir='ltr'>exercises,</span> <span class='ocrx_word' id='word_1_42' title='bbox 1454 649 1554 699; x_wconf 91' lang='lat' dir='ltr'>like</span> <span class='ocrx_word' id='word_1_43' title='bbox 1579 650 1721 699; x_wconf 90' lang='lat' dir='ltr'>those</span> 
     </span>
     <span class='ocr_line' id='line_1_6' title="bbox 48 729 335 793; baseline -0.003 -15"><span class='ocrx_word' id='word_1_44' title='bbox 48 729 107 778; x_wconf 91' lang='lat' dir='ltr'>of</span> <span class='ocrx_word' id='word_1_45' title='bbox 125 730 335 793; x_wconf 89' lang='lat' dir='ltr'>Cowley.</span> 
     </span>
    </p>
   </div>
   <div class='ocr_carea' id='block_1_4' title="bbox 725 921 1047 970">
    <p class='ocr_par' dir='ltr' id='par_1_4' title="bbox 725 921 1047 970">
     <span class='ocr_line' id='line_1_7' title="bbox 725 921 1047 970; baseline -0.003 0"><span class='ocrx_word' id='word_1_46' title='bbox 725 921 896 970; x_wconf 87' lang='lat' dir='ltr'><strong>CARM.</strong></span> <span class='ocrx_word' id='word_1_47' title='bbox 937 922 1047 969; x_wconf 89' lang='lat' dir='ltr'>XV.</span> 
     </span>
    </p>
   </div>
   <div class='ocr_carea' id='block_1_5' title="bbox 251 1075 1499 2530">
    <p class='ocr_par' dir='ltr' id='par_1_5' title="bbox 252 1075 1346 1218">
     <span class='ocr_line' id='line_1_8' title="bbox 252 1075 1346 1139; baseline 0 -15"><span class='ocrx_word' id='word_1_48' title='bbox 252 1077 369 1124; x_wconf 88' lang='lat' dir='ltr'>Nox</span> <span class='ocrx_word' id='word_1_49' title='bbox 394 1084 508 1136; x_wconf 85' lang='lat' dir='ltr'>erat,</span> <span class='ocrx_word' id='word_1_50' title='bbox 538 1084 586 1124; x_wconf 94' lang='lat' dir='ltr'>et</span> <span class='ocrx_word' id='word_1_51' title='bbox 611 1076 734 1124; x_wconf 89' lang='lat' dir='ltr'>caelo</span> <span class='ocrx_word' id='word_1_52' title='bbox 759 1075 979 1139; x_wconf 82' lang='lat' dir='ltr'>fulgebat</span> <span class='ocrx_word' id='word_1_53' title='bbox 1004 1077 1146 1123; x_wconf 90' lang='lat' dir='ltr'>Luna</span> <span class='ocrx_word' id='word_1_54' title='bbox 1171 1090 1346 1124; x_wconf 92' lang='lat' dir='ltr'>sereno</span> 
     </span>
     <span class='ocr_line' id='line_1_9' title="bbox 320 1157 870 1218; baseline 0.002 -12"><span class='ocrx_word' id='word_1_55' title='bbox 320 1159 458 1206; x_wconf 85' lang='lat' dir='ltr'>Inter</span> <span class='ocrx_word' id='word_1_56' title='bbox 480 1157 672 1207; x_wconf 90' lang='lat' dir='ltr'>minora</span> <span class='ocrx_word' id='word_1_57' title='bbox 696 1157 870 1218; x_wconf 83' lang='lat' dir='ltr'>sidera,</span> 
     </span>
    </p>

    <p class='ocr_par' dir='ltr' id='par_1_6' title="bbox 252 1238 1446 1386">
     <span class='ocr_line' id='line_1_10' title="bbox 252 1238 1446 1303; baseline -0.003 -13"><span class='ocrx_word' id='word_1_58' title='bbox 252 1241 380 1290; x_wconf 88' lang='lat' dir='ltr'>Cum</span> <span class='ocrx_word' id='word_1_59' title='bbox 406 1249 471 1301; x_wconf 87' lang='lat' dir='ltr'>tu,</span> <span class='ocrx_word' id='word_1_60' title='bbox 499 1257 790 1303; x_wconf 86' lang='lat' dir='ltr'>magnorum</span> <span class='ocrx_word' id='word_1_61' title='bbox 814 1256 1000 1288; x_wconf 86' lang='lat' dir='ltr'>numen</span> <span class='ocrx_word' id='word_1_62' title='bbox 1024 1238 1201 1288; x_wconf 86' lang='lat' dir='ltr'>laes&#39;ura</span> <span class='ocrx_word' id='word_1_63' title='bbox 1225 1239 1446 1299; x_wconf 85' lang='lat' dir='ltr'>deorum,</span> 
     </span>
     <span class='ocr_line' id='line_1_11' title="bbox 320 1323 925 1386; baseline -0.003 -15"><span class='ocrx_word' id='word_1_64' title='bbox 320 1324 381 1370; x_wconf 90' lang='lat' dir='ltr'>In</span> <span class='ocrx_word' id='word_1_65' title='bbox 405 1323 556 1371; x_wconf 87' lang='lat' dir='ltr'>verba</span> <span class='ocrx_word' id='word_1_66' title='bbox 576 1324 775 1386; x_wconf 87' lang='lat' dir='ltr'>jurabas</span> <span class='ocrx_word' id='word_1_67' title='bbox 798 1338 925 1382; x_wconf 90' lang='lat' dir='ltr'>mea,</span> 
     </span>
    </p>

    <p class='ocr_par' dir='ltr' id='par_1_7' title="bbox 251 1401 1499 1534">
     <span class='ocr_line' id='line_1_12' title="bbox 251 1401 1499 1466; baseline -0.002 -14"><span class='ocrx_word' id='word_1_68' title='bbox 251 1403 417 1452; x_wconf 90' lang='lat' dir='ltr'>Artius</span> <span class='ocrx_word' id='word_1_69' title='bbox 442 1412 590 1466; x_wconf 92' lang='lat' dir='ltr'>atque</span> <span class='ocrx_word' id='word_1_70' title='bbox 614 1404 799 1452; x_wconf 83' lang='lat' dir='ltr'>hedera</span> <span class='ocrx_word' id='word_1_71' title='bbox 822 1419 1027 1466; x_wconf 86' lang='lat' dir='ltr'>procera</span> <span class='ocrx_word' id='word_1_72' title='bbox 1050 1401 1366 1466; x_wconf 81' lang='lat' dir='ltr'>adstringitur</span> <span class='ocrx_word' id='word_1_73' title='bbox 1389 1401 1499 1463; x_wconf 84' lang='lat' dir='ltr'>ilex,</span> 
     </span>
     <span class='ocr_line' id='line_1_13' title="bbox 319 1484 1041 1534; baseline 0 -1"><span class='ocrx_word' id='word_1_74' title='bbox 319 1485 490 1534; x_wconf 91' lang='lat' dir='ltr'>Lentis</span> <span class='ocrx_word' id='word_1_75' title='bbox 515 1487 772 1534; x_wconf 87' lang='lat' dir='ltr'>adhaerens</span> <span class='ocrx_word' id='word_1_76' title='bbox 796 1484 1010 1533; x_wconf 89' lang='lat' dir='ltr'>brachiis</span> <span class='ocrx_word' id='word_1_77' title='bbox 1032 1503 1041 1533; x_wconf 73' lang='grc' dir='ltr'><strong><em>ι</em></strong></span> 
     </span>
    </p>

    <p class='ocr_par' dir='ltr' id='par_1_8' title="bbox 254 1564 1444 1708">
     <span class='ocr_line' id='line_1_14' title="bbox 254 1564 1444 1630; baseline -0.001 -16"><span class='ocrx_word' id='word_1_78' title='bbox 254 1568 390 1614; x_wconf 90' lang='lat' dir='ltr'>Dum</span> <span class='ocrx_word' id='word_1_79' title='bbox 414 1566 582 1630; x_wconf 91' lang='lat' dir='ltr'>pecori</span> <span class='ocrx_word' id='word_1_80' title='bbox 606 1568 764 1629; x_wconf 90' lang='lat' dir='ltr'>lupus,</span> <span class='ocrx_word' id='word_1_81' title='bbox 793 1575 842 1614; x_wconf 89' lang='lat' dir='ltr'>et</span> <span class='ocrx_word' id='word_1_82' title='bbox 866 1565 1029 1614; x_wconf 89' lang='lat' dir='ltr'>nautis</span> <span class='ocrx_word' id='word_1_83' title='bbox 1054 1564 1259 1614; x_wconf 88' lang='lat' dir='ltr'>infestus</span> <span class='ocrx_word' id='word_1_84' title='bbox 1287 1564 1444 1615; x_wconf 89' lang='lat' dir='ltr'>Orion</span> 
     </span>
     <span class='ocr_line' id='line_1_15' title="bbox 319 1648 1018 1708; baseline 0 -12"><span class='ocrx_word' id='word_1_85' title='bbox 319 1650 563 1697; x_wconf 91' lang='lat' dir='ltr'>Turbaret</span> <span class='ocrx_word' id='word_1_86' title='bbox 585 1648 845 1699; x_wconf 89' lang='lat' dir='ltr'>hibernum</span> <span class='ocrx_word' id='word_1_87' title='bbox 870 1664 1018 1708; x_wconf 86' lang='lat' dir='ltr'>mare,</span> 
     </span>
    </p>

    <p class='ocr_par' dir='ltr' id='par_1_9' title="bbox 254 1728 1470 1862">
     <span class='ocr_line' id='line_1_16' title="bbox 254 1728 1470 1794; baseline -0.001 -15"><span class='ocrx_word' id='word_1_88' title='bbox 254 1733 588 1794; x_wconf 90' lang='lat' dir='ltr'>Intonsosque</span> <span class='ocrx_word' id='word_1_89' title='bbox 612 1730 817 1794; x_wconf 86' lang='lat' dir='ltr'>agitaret</span> <span class='ocrx_word' id='word_1_90' title='bbox 841 1728 1085 1792; x_wconf 85' lang='lat' dir='ltr'>Apollinis</span> <span class='ocrx_word' id='word_1_91' title='bbox 1111 1745 1228 1777; x_wconf 89' lang='lat' dir='ltr'>aura</span> <span class='ocrx_word' id='word_1_92' title='bbox 1252 1728 1470 1792; x_wconf 84' lang='lat' dir='ltr'>capiHOS,</span> 
     </span>
     <span class='ocr_line' id='line_1_17' title="bbox 321 1813 1111 1862; baseline 0 -1"><span class='ocrx_word' id='word_1_93' title='bbox 321 1815 448 1862; x_wconf 89' lang='lat' dir='ltr'>Fore</span> <span class='ocrx_word' id='word_1_94' title='bbox 471 1813 605 1861; x_wconf 92' lang='lat' dir='ltr'>hunc</span> <span class='ocrx_word' id='word_1_95' title='bbox 628 1829 848 1861; x_wconf 89' lang='lat' dir='ltr'>amorem</span> <span class='ocrx_word' id='word_1_96' title='bbox 872 1820 1111 1861; x_wconf 89' lang='lat' dir='ltr'>mutuum.</span> 
     </span>
    </p>

    <p class='ocr_par' dir='ltr' id='par_1_10' title="bbox 253 1892 1343 2039">
     <span class='ocr_line' id='line_1_18' title="bbox 253 1892 1343 1945; baseline -0.004 0"><span class='ocrx_word' id='word_1_97' title='bbox 253 1895 299 1945; x_wconf 88' lang='lat' dir='ltr'>O</span> <span class='ocrx_word' id='word_1_98' title='bbox 326 1894 538 1944; x_wconf 88' lang='lat' dir='ltr'>dolitura</span> <span class='ocrx_word' id='word_1_99' title='bbox 560 1911 672 1943; x_wconf 89' lang='lat' dir='ltr'>mea</span> <span class='ocrx_word' id='word_1_100' title='bbox 695 1895 906 1942; x_wconf 90' lang='lat' dir='ltr'>multum</span> <span class='ocrx_word' id='word_1_101' title='bbox 930 1892 1108 1941; x_wconf 89' lang='lat' dir='ltr'>virtute</span> <span class='ocrx_word' id='word_1_102' title='bbox 1135 1895 1314 1942; x_wconf 83' lang='lat' dir='ltr'>Neaera</span> <span class='ocrx_word' id='word_1_103' title='bbox 1334 1897 1343 1941; x_wconf 79' lang='lat'>1</span> 
     </span>
     <span class='ocr_line' id='line_1_19' title="bbox 327 1973 1196 2039; baseline -0.002 -15"><span class='ocrx_word' id='word_1_104' title='bbox 327 1978 472 2037; x_wconf 89' lang='lat' dir='ltr'>Nam,</span> <span class='ocrx_word' id='word_1_105' title='bbox 501 1975 541 2024; x_wconf 90' lang='lat' dir='ltr'>si</span> <span class='ocrx_word' id='word_1_106' title='bbox 567 1975 687 2039; x_wconf 86' lang='lat' dir='ltr'>quid</span> <span class='ocrx_word' id='word_1_107' title='bbox 711 1975 762 2023; x_wconf 91' lang='lat' dir='ltr'>in</span> <span class='ocrx_word' id='word_1_108' title='bbox 788 1976 970 2023; x_wconf 89' lang='lat' dir='ltr'>Flacco</span> <span class='ocrx_word' id='word_1_109' title='bbox 994 1973 1083 2023; x_wconf 90' lang='lat' dir='ltr'>viri</span> <span class='ocrx_word' id='word_1_110' title='bbox 1109 1983 1196 2034; x_wconf 80' lang='lat' dir='ltr'>est,</span> 
     </span>
    </p>

    <p class='ocr_par' dir='ltr' id='par_1_11' title="bbox 255 2055 1397 2203">
     <span class='ocr_line' id='line_1_20' title="bbox 255 2055 1397 2120; baseline -0.003 -13"><span class='ocrx_word' id='word_1_111' title='bbox 255 2060 375 2107; x_wconf 90' lang='lat' dir='ltr'>Non</span> <span class='ocrx_word' id='word_1_112' title='bbox 398 2060 519 2107; x_wconf 89' lang='lat' dir='ltr'>feret</span> <span class='ocrx_word' id='word_1_113' title='bbox 543 2057 765 2107; x_wconf 90' lang='lat' dir='ltr'>assiduas</span> <span class='ocrx_word' id='word_1_114' title='bbox 789 2055 970 2120; x_wconf 90' lang='lat' dir='ltr'>potiori</span> <span class='ocrx_word' id='word_1_115' title='bbox 993 2065 1042 2105; x_wconf 91' lang='lat' dir='ltr'>te</span> <span class='ocrx_word' id='word_1_116' title='bbox 1067 2056 1185 2105; x_wconf 91' lang='lat' dir='ltr'>dare</span> <span class='ocrx_word' id='word_1_117' title='bbox 1210 2064 1397 2116; x_wconf 90' lang='lat' dir='ltr'>noctes,</span> 
     </span>
     <span class='ocr_line' id='line_1_21' title="bbox 323 2139 975 2203; baseline -0.005 -15"><span class='ocrx_word' id='word_1_118' title='bbox 323 2142 387 2188; x_wconf 91' lang='lat' dir='ltr'>Et</span> <span class='ocrx_word' id='word_1_119' title='bbox 411 2148 596 2203; x_wconf 77' lang='lat' dir='ltr'>quaeret</span> <span class='ocrx_word' id='word_1_120' title='bbox 619 2139 768 2188; x_wconf 86' lang='lat' dir='ltr'>iratus</span> <span class='ocrx_word' id='word_1_121' title='bbox 793 2155 975 2202; x_wconf 88' lang='lat' dir='ltr'>parem,</span> 
     </span>
    </p>

    <p class='ocr_par' dir='ltr' id='par_1_12' title="bbox 256 2218 1448 2352">
     <span class='ocr_line' id='line_1_22' title="bbox 256 2218 1448 2280; baseline -0.002 -10"><span class='ocrx_word' id='word_1_122' title='bbox 256 2223 366 2270; x_wconf 91' lang='lat' dir='ltr'>Nec</span> <span class='ocrx_word' id='word_1_123' title='bbox 390 2223 542 2271; x_wconf 89' lang='lat' dir='ltr'>semel</span> <span class='ocrx_word' id='word_1_124' title='bbox 568 2223 769 2270; x_wconf 80' lang='lat' dir='ltr'>offensae</span> <span class='ocrx_word' id='word_1_125' title='bbox 794 2221 939 2269; x_wconf 92' lang='lat' dir='ltr'>cedet</span> <span class='ocrx_word' id='word_1_126' title='bbox 963 2218 1241 2268; x_wconf 88' lang='lat' dir='ltr'>constantia</span> <span class='ocrx_word' id='word_1_127' title='bbox 1264 2221 1448 2280; x_wconf 82' lang='lat' dir='ltr'>formae,</span> 
     </span>
     <span class='ocr_line' id='line_1_23' title="bbox 322 2302 944 2352; baseline -0.005 0"><span class='ocrx_word' id='word_1_128' title='bbox 322 2303 372 2352; x_wconf 90' lang='lat' dir='ltr'>Si</span> <span class='ocrx_word' id='word_1_129' title='bbox 396 2312 556 2352; x_wconf 89' lang='lat' dir='ltr'>certus</span> <span class='ocrx_word' id='word_1_130' title='bbox 580 2302 768 2352; x_wconf 87' lang='lat' dir='ltr'>intrarit</span> <span class='ocrx_word' id='word_1_131' title='bbox 791 2303 944 2350; x_wconf 89' lang='lat' dir='ltr'>dolor.</span> 
     </span>
    </p>

    <p class='ocr_par' dir='ltr' id='par_1_13' title="bbox 257 2383 1476 2530">
     <span class='ocr_line' id='line_1_24' title="bbox 257 2383 1476 2448; baseline -0.002 -15"><span class='ocrx_word' id='word_1_132' title='bbox 257 2387 321 2433; x_wconf 94' lang='lat' dir='ltr'>Et</span> <span class='ocrx_word' id='word_1_133' title='bbox 344 2394 410 2446; x_wconf 87' lang='lat' dir='ltr'>tu,</span> <span class='ocrx_word' id='word_1_134' title='bbox 438 2384 721 2448; x_wconf 90' lang='lat' dir='ltr'>quicunque</span> <span class='ocrx_word' id='word_1_135' title='bbox 746 2401 797 2433; x_wconf 90' lang='lat' dir='ltr'>es</span> <span class='ocrx_word' id='word_1_136' title='bbox 821 2383 1009 2432; x_wconf 86' lang='lat' dir='ltr'>felicior</span> <span class='ocrx_word' id='word_1_137' title='bbox 1031 2392 1318 2446; x_wconf 23' lang='lat' dir='ltr'>atquermeo</span> <span class='ocrx_word' id='word_1_138' title='bbox 1343 2400 1476 2431; x_wconf 90' lang='lat' dir='ltr'>nunc</span> 
     </span>
     <span class='ocr_line' id='line_1_25' title="bbox 324 2465 955 2530; baseline -0.002 -15"><span class='ocrx_word' id='word_1_139' title='bbox 324 2468 572 2530; x_wconf 87' lang='lat' dir='ltr'>Superbus</span> <span class='ocrx_word' id='word_1_140' title='bbox 596 2465 785 2515; x_wconf 85' lang='lat' dir='ltr'>incedis</span> <span class='ocrx_word' id='word_1_141' title='bbox 810 2466 955 2525; x_wconf 87' lang='lat' dir='ltr'>malo,</span> 
     </span>
    </p>
   </div>
   <div class='ocr_carea' id='block_1_6' title="bbox 842 3251 928 3286">
    <p class='ocr_par' dir='ltr' id='par_1_14' title="bbox 842 3251 928 3286">
     <span class='ocr_line' id='line_1_26' title="bbox 842 3251 928 3286; baseline 0.012 -1"><span class='ocrx_word' id='word_1_142' title='bbox 842 3251 928 3286; x_wconf 90' lang='lat' dir='ltr'>2G</span> 
     </span>
    </p>
   </div>
  </div>
 </body>
</html>
