<?xml version="1.0" encoding="UTF-8"?>
<!DOCTYPE html PUBLIC "-//W3C//DTD XHTML 1.0 Transitional//EN"
    "http://www.w3.org/TR/xhtml1/DTD/xhtml1-transitional.dtd">
<html xmlns="http://www.w3.org/1999/xhtml" xml:lang="en" lang="en">
 <head>
  <title>
</title>
<meta http-equiv="Content-Type" content="text/html;charset=utf-8" />
  <meta name='ocr-system' content='tesseract 3.04.00' />
  <meta name='ocr-capabilities' content='ocr_page ocr_carea ocr_par ocr_line ocrx_word'/>
</head>
<body>
  <div class='ocr_page' id='page_1' title='image "./odes00epodesofhorahorarich_0067.png"; bbox 0 0 2072 3542; ppageno 0'>
   <div class='ocr_carea' id='block_1_1' title="bbox 542 249 1178 293">
    <p class='ocr_par' dir='ltr' id='par_1_1' title="bbox 542 249 1178 293">
     <span class='ocr_line' id='line_1_1' title="bbox 542 249 1178 293; baseline 0.005 -4"><span class='ocrx_word' id='word_1_1' title='bbox 542 280 545 283; x_wconf 21' lang='grc' dir='ltr'><strong>Α</strong></span> <span class='ocrx_word' id='word_1_2' title='bbox 601 249 770 293; x_wconf 90' lang='lat' dir='ltr'><strong>BOOK</strong></span> <span class='ocrx_word' id='word_1_3' title='bbox 810 249 1052 291; x_wconf 88' lang='lat' dir='ltr'><strong>I.-—ODE</strong></span> <span class='ocrx_word' id='word_1_4' title='bbox 1088 250 1178 292; x_wconf 83' lang='lat'>111.</span> 
     </span>
    </p>
   </div>
   <div class='ocr_carea' id='block_1_2' title="bbox 393 391 1344 701">
    <p class='ocr_par' dir='ltr' id='par_1_2' title="bbox 394 391 1344 536">
     <span class='ocr_line' id='line_1_2' title="bbox 529 391 1329 456; baseline 0 -16"><span class='ocrx_word' id='word_1_5' title='bbox 529 393 694 454; x_wconf 87' lang='lat' dir='ltr'><strong>Quem</strong></span> <span class='ocrx_word' id='word_1_6' title='bbox 720 391 899 441; x_wconf 89' lang='lat' dir='ltr'>Mortis</span> <span class='ocrx_word' id='word_1_7' title='bbox 925 391 1087 441; x_wconf 90' lang='lat' dir='ltr'><strong>timuit</strong></span> <span class='ocrx_word' id='word_1_8' title='bbox 1109 392 1329 456; x_wconf 86' lang='lat' dir='ltr'>gradum,</span> 
     </span>
     <span class='ocr_line' id='line_1_3' title="bbox 394 473 1344 536; baseline -0.001 -13"><span class='ocrx_word' id='word_1_9' title='bbox 394 473 494 536; x_wconf 87' lang='lat' dir='ltr'>Qui</span> <span class='ocrx_word' id='word_1_10' title='bbox 518 473 660 523; x_wconf 89' lang='lat' dir='ltr'>siccis</span> <span class='ocrx_word' id='word_1_11' title='bbox 685 473 842 523; x_wconf 90' lang='lat' dir='ltr'>oculis</span> <span class='ocrx_word' id='word_1_12' title='bbox 867 483 1086 523; x_wconf 90' lang='lat' dir='ltr'>monstra</span> <span class='ocrx_word' id='word_1_13' title='bbox 1108 474 1344 536; x_wconf 85' lang='lat' dir='ltr'>natantia,</span> 
     </span>
    </p>

    <p class='ocr_par' dir='ltr' id='par_1_3' title="bbox 393 554 1293 701">
     <span class='ocr_line' id='line_1_4' title="bbox 529 554 1276 620; baseline 0.001 -17"><span class='ocrx_word' id='word_1_14' title='bbox 529 555 627 620; x_wconf 86' lang='lat' dir='ltr'>Qui</span> <span class='ocrx_word' id='word_1_15' title='bbox 644 554 768 605; x_wconf 90' lang='lat' dir='ltr'>vidit</span> <span class='ocrx_word' id='word_1_16' title='bbox 792 572 927 604; x_wconf 89' lang='lat' dir='ltr'>mare</span> <span class='ocrx_word' id='word_1_17' title='bbox 952 555 1199 619; x_wconf 88' lang='lat' dir='ltr'>turgidum</span> <span class='ocrx_word' id='word_1_18' title='bbox 1227 564 1276 604; x_wconf 90' lang='lat' dir='ltr'>et</span> 
     </span>
     <span class='ocr_line' id='line_1_5' title="bbox 393 637 1293 701; baseline 0.001 -15"><span class='ocrx_word' id='word_1_19' title='bbox 393 638 610 687; x_wconf 89' lang='lat' dir='ltr'>Infames</span> <span class='ocrx_word' id='word_1_20' title='bbox 636 638 867 701; x_wconf 92' lang='lat' dir='ltr'>scopulos</span> <span class='ocrx_word' id='word_1_21' title='bbox 891 637 1293 687; x_wconf 85' lang='lat' dir='ltr'>Acroceraunia?</span> 
     </span>
    </p>
   </div>
   <div class='ocr_carea' id='block_1_3' title="bbox 392 811 1400 1121">
    <p class='ocr_par' dir='ltr' id='par_1_4' title="bbox 392 811 1284 950">
     <span class='ocr_line' id='line_1_6' title="bbox 528 811 1284 875; baseline 0.003 -15"><span class='ocrx_word' id='word_1_22' title='bbox 528 811 879 875; x_wconf 86' lang='lat' dir='ltr'>Nequicquam</span> <span class='ocrx_word' id='word_1_23' title='bbox 905 814 1044 861; x_wconf 89' lang='lat' dir='ltr'>Deus</span> <span class='ocrx_word' id='word_1_24' title='bbox 1071 812 1284 862; x_wconf 84' lang='lat' dir='ltr'>abscidit</span> 
     </span>
     <span class='ocr_line' id='line_1_7' title="bbox 392 894 1176 950; baseline -0.001 -7"><span class='ocrx_word' id='word_1_25' title='bbox 392 895 615 950; x_wconf 83' lang='lat' dir='ltr'>Prudens</span> <span class='ocrx_word' id='word_1_26' title='bbox 642 895 848 943; x_wconf 84' lang='lat' dir='ltr'>Oceano</span> <span class='ocrx_word' id='word_1_27' title='bbox 873 894 1176 944; x_wconf 83' lang='lat' dir='ltr'>dissociabili</span> 
     </span>
    </p>

    <p class='ocr_par' dir='ltr' id='par_1_5' title="bbox 393 975 1400 1121">
     <span class='ocr_line' id='line_1_8' title="bbox 527 975 1171 1039; baseline 0.002 -15"><span class='ocrx_word' id='word_1_28' title='bbox 527 978 719 1035; x_wconf 82' lang='lat' dir='ltr'>Terras,</span> <span class='ocrx_word' id='word_1_29' title='bbox 747 975 787 1024; x_wconf 93' lang='lat' dir='ltr'>si</span> <span class='ocrx_word' id='word_1_30' title='bbox 811 984 980 1024; x_wconf 89' lang='lat' dir='ltr'>tamen</span> <span class='ocrx_word' id='word_1_31' title='bbox 1004 975 1171 1039; x_wconf 87' lang='lat' dir='ltr'>impiae</span> 
     </span>
     <span class='ocr_line' id='line_1_9' title="bbox 393 1057 1400 1121; baseline 0.002 -15"><span class='ocrx_word' id='word_1_32' title='bbox 393 1059 511 1107; x_wconf 92' lang='lat' dir='ltr'>Non</span> <span class='ocrx_word' id='word_1_33' title='bbox 535 1059 787 1121; x_wconf 88' lang='lat' dir='ltr'>tangenda</span> <span class='ocrx_word' id='word_1_34' title='bbox 809 1067 937 1107; x_wconf 88' lang='lat' dir='ltr'>rates</span> <span class='ocrx_word' id='word_1_35' title='bbox 962 1057 1238 1107; x_wconf 89' lang='lat' dir='ltr'>transiliunt</span> <span class='ocrx_word' id='word_1_36' title='bbox 1261 1060 1400 1108; x_wconf 88' lang='lat' dir='ltr'>vada.</span> 
     </span>
    </p>
   </div>
   <div class='ocr_carea' id='block_1_4' title="bbox 747 1197 794 1205">
    <p class='ocr_par' dir='ltr' id='par_1_6' title="bbox 747 1197 794 1205">
     <span class='ocr_line' id='line_1_10' title="bbox 747 1197 794 1205; baseline -0.021 0"><span class='ocrx_word' id='word_1_37' title='bbox 747 1197 794 1205; x_wconf 58' lang='grc' dir='ltr'>,ο-</span> 
     </span>
    </p>
   </div>
   <div class='ocr_carea' id='block_1_5' title="bbox 525 1196 1117 1322">
    <p class='ocr_par' dir='ltr' id='par_1_7' title="bbox 525 1196 1117 1322">
     <span class='ocr_line' id='line_1_11' title="bbox 525 1196 1117 1322; baseline 0.003 -43"><span class='ocrx_word' id='word_1_38' title='bbox 525 1199 706 1281; x_wconf 83' lang='lat' dir='ltr'><strong>Audax</strong></span> <span class='ocrx_word' id='word_1_39' title='bbox 730 1232 900 1281; x_wconf 90' lang='lat' dir='ltr'>omnia</span> <span class='ocrx_word' id='word_1_40' title='bbox 879 1196 1117 1322; x_wconf 57' lang='lat' dir='ltr'>perpeti</span> 
     </span>
    </p>
   </div>
   <div class='ocr_carea' id='block_1_6' title="bbox 308 1293 1419 1395">
    <p class='ocr_par' dir='ltr' id='par_1_8' title="bbox 308 1293 1419 1395">
     <span class='ocr_line' id='line_1_12' title="bbox 308 1293 1419 1395; baseline 0.003 -34"><span class='ocrx_word' id='word_1_41' title='bbox 308 1372 311 1374; x_wconf 82' lang='lat'>.</span> <span class='ocrx_word' id='word_1_42' title='bbox 385 1293 523 1362; x_wconf 89' lang='lat' dir='ltr'>Gens</span> <span class='ocrx_word' id='word_1_43' title='bbox 547 1295 766 1362; x_wconf 74' lang='lat' dir='ltr'>huniana</span> <span class='ocrx_word' id='word_1_44' title='bbox 788 1309 883 1375; x_wconf 85' lang='lat' dir='ltr'>ruit</span> <span class='ocrx_word' id='word_1_45' title='bbox 893 1331 996 1395; x_wconf 88' lang='lat' dir='ltr'>per</span> <span class='ocrx_word' id='word_1_46' title='bbox 1017 1309 1225 1364; x_wconf 90' lang='lat' dir='ltr'>vetitum</span> <span class='ocrx_word' id='word_1_47' title='bbox 1249 1310 1419 1365; x_wconf 86' lang='lat' dir='ltr'>nefas:</span> 
     </span>
    </p>
   </div>
   <div class='ocr_carea' id='block_1_7' title="bbox 391 1379 1372 1541">
    <p class='ocr_par' dir='ltr' id='par_1_9' title="bbox 391 1379 1357 1541">
     <span class='ocr_line' id='line_1_13' title="bbox 524 1379 1201 1467; baseline 0.003 -24"><span class='ocrx_word' id='word_1_48' title='bbox 524 1384 705 1444; x_wconf 83' lang='lat' dir='ltr'><strong>Audax</strong></span> <span class='ocrx_word' id='word_1_49' title='bbox 730 1379 899 1462; x_wconf 66' lang='lat' dir='ltr'>lapeti</span> <span class='ocrx_word' id='word_1_50' title='bbox 914 1391 1100 1467; x_wconf 69' lang='lat' dir='ltr'>genus</span> <span class='ocrx_word' id='word_1_51' title='bbox 1193 1450 1201 1455; x_wconf 42' lang='grc'><strong>,</strong></span> 
     </span>
     <span class='ocr_line' id='line_1_14' title="bbox 391 1455 1372 1541; baseline 0.003 -17"><span class='ocrx_word' id='word_1_52' title='bbox 391 1478 567 1540; x_wconf 85' lang='lat' dir='ltr'><strong>Ignem</strong></span> <span class='ocrx_word' id='word_1_53' title='bbox 590 1464 762 1526; x_wconf 82' lang='lat' dir='ltr'>fraude</span> <span class='ocrx_word' id='word_1_54' title='bbox 785 1462 917 1525; x_wconf 88' lang='lat' dir='ltr'>mala</span> <span class='ocrx_word' id='word_1_55' title='bbox 939 1471 1169 1541; x_wconf 82' lang='lat' dir='ltr'>gentibus</span> <span class='ocrx_word' id='word_1_56' title='bbox 1194 1455 1372 1528; x_wconf 85' lang='lat' dir='ltr'>intulit</span> 
     </span>
    </p>
   </div>
   <div class='ocr_carea' id='block_1_8' title="bbox 389 1647 1422 1957">
    <p class='ocr_par' dir='ltr' id='par_1_10' title="bbox 389 1647 1422 1791">
     <span class='ocr_line' id='line_1_15' title="bbox 525 1647 1237 1712; baseline 0.001 -15"><span class='ocrx_word' id='word_1_57' title='bbox 525 1650 646 1697; x_wconf 89' lang='lat' dir='ltr'>Post</span> <span class='ocrx_word' id='word_1_58' title='bbox 669 1647 835 1712; x_wconf 82' lang='lat' dir='ltr'><strong>ignem</strong></span> <span class='ocrx_word' id='word_1_59' title='bbox 859 1648 1061 1698; x_wconf 81' lang='lat' dir='ltr'>aetheria</span> <span class='ocrx_word' id='word_1_60' title='bbox 1084 1650 1237 1698; x_wconf 91' lang='lat' dir='ltr'>domo</span> 
     </span>
     <span class='ocr_line' id='line_1_16' title="bbox 389 1730 1422 1791; baseline 0 -11"><span class='ocrx_word' id='word_1_61' title='bbox 389 1731 711 1791; x_wconf 88' lang='lat' dir='ltr'>Subductum‚</span> <span class='ocrx_word' id='word_1_62' title='bbox 741 1730 934 1779; x_wconf 82' lang='lat' dir='ltr'>Macies</span> <span class='ocrx_word' id='word_1_63' title='bbox 961 1740 1009 1780; x_wconf 93' lang='lat' dir='ltr'>et</span> <span class='ocrx_word' id='word_1_64' title='bbox 1032 1748 1164 1781; x_wconf 91' lang='lat' dir='ltr'>nova</span> <span class='ocrx_word' id='word_1_65' title='bbox 1189 1732 1422 1781; x_wconf 85' lang='lat' dir='ltr'>Febrium</span> 
     </span>
    </p>

    <p class='ocr_par' dir='ltr' id='par_1_11' title="bbox 389 1812 1289 1957">
     <span class='ocr_line' id='line_1_17' title="bbox 526 1812 1157 1874; baseline 0.002 -14"><span class='ocrx_word' id='word_1_66' title='bbox 526 1812 689 1861; x_wconf 90' lang='lat' dir='ltr'>Terris</span> <span class='ocrx_word' id='word_1_67' title='bbox 714 1812 939 1862; x_wconf 86' lang='lat' dir='ltr'>incubuit</span> <span class='ocrx_word' id='word_1_68' title='bbox 963 1814 1157 1874; x_wconf 86' lang='lat' dir='ltr'>cohors,</span> 
     </span>
     <span class='ocr_line' id='line_1_18' title="bbox 389 1893 1289 1957; baseline 0 -14"><span class='ocrx_word' id='word_1_69' title='bbox 389 1893 674 1957; x_wconf 87' lang='lat' dir='ltr'>Sernotique</span> <span class='ocrx_word' id='word_1_70' title='bbox 698 1894 832 1957; x_wconf 89' lang='lat' dir='ltr'>prius</span> <span class='ocrx_word' id='word_1_71' title='bbox 856 1895 997 1943; x_wconf 86' lang='lat' dir='ltr'>tarda</span> <span class='ocrx_word' id='word_1_72' title='bbox 1020 1895 1289 1945; x_wconf 81' lang='lat' dir='ltr'>necessitas</span> 
     </span>
    </p>
   </div>
   <div class='ocr_carea' id='block_1_9' title="bbox 391 2070 1401 2380">
    <p class='ocr_par' dir='ltr' id='par_1_12' title="bbox 392 2070 1274 2216">
     <span class='ocr_line' id='line_1_19' title="bbox 526 2070 1141 2135; baseline -0.002 -15"><span class='ocrx_word' id='word_1_73' title='bbox 526 2070 638 2120; x_wconf 84' lang='lat' dir='ltr'>Leti</span> <span class='ocrx_word' id='word_1_74' title='bbox 663 2070 898 2134; x_wconf 89' lang='lat' dir='ltr'>corripuit</span> <span class='ocrx_word' id='word_1_75' title='bbox 920 2072 1141 2135; x_wconf 85' lang='lat' dir='ltr'>gradum.</span> 
     </span>
     <span class='ocr_line' id='line_1_20' title="bbox 392 2154 1274 2216; baseline 0.001 -15"><span class='ocrx_word' id='word_1_76' title='bbox 392 2155 635 2216; x_wconf 86' lang='lat' dir='ltr'>Expertus</span> <span class='ocrx_word' id='word_1_77' title='bbox 659 2169 871 2201; x_wconf 91' lang='lat' dir='ltr'>vacuum</span> <span class='ocrx_word' id='word_1_78' title='bbox 897 2154 1135 2202; x_wconf 79' lang='lat' dir='ltr'>Daedalus</span> <span class='ocrx_word' id='word_1_79' title='bbox 1160 2155 1274 2202; x_wconf 69' lang='lat' dir='ltr'>aera</span> 
     </span>
    </p>

    <p class='ocr_par' dir='ltr' id='par_1_13' title="bbox 391 2233 1401 2380">
     <span class='ocr_line' id='line_1_21' title="bbox 528 2233 1232 2297; baseline 0.001 -14"><span class='ocrx_word' id='word_1_80' title='bbox 528 2233 709 2283; x_wconf 89' lang='lat' dir='ltr'>Pennis</span> <span class='ocrx_word' id='word_1_81' title='bbox 733 2251 836 2284; x_wconf 90' lang='lat' dir='ltr'>non</span> <span class='ocrx_word' id='word_1_82' title='bbox 860 2234 1050 2283; x_wconf 91' lang='lat' dir='ltr'>homini</span> <span class='ocrx_word' id='word_1_83' title='bbox 1074 2234 1201 2284; x_wconf 90' lang='lat' dir='ltr'>datis</span> <span class='ocrx_word' id='word_1_84' title='bbox 1218 2253 1232 2297; x_wconf 67' lang='grc' dir='ltr'><strong><em>ς</em></strong></span> 
     </span>
     <span class='ocr_line' id='line_1_22' title="bbox 391 2316 1401 2380; baseline 0.001 -15"><span class='ocrx_word' id='word_1_85' title='bbox 391 2316 614 2380; x_wconf 83' lang='lat' dir='ltr'>Perrupit</span> <span class='ocrx_word' id='word_1_86' title='bbox 636 2318 923 2366; x_wconf 89' lang='lat' dir='ltr'>Acheronta</span> <span class='ocrx_word' id='word_1_87' title='bbox 948 2319 1227 2366; x_wconf 88' lang='lat' dir='ltr'>Herculeus</span> <span class='ocrx_word' id='word_1_88' title='bbox 1251 2319 1401 2368; x_wconf 90' lang='lat' dir='ltr'>labor.</span> 
     </span>
    </p>
   </div>
   <div class='ocr_carea' id='block_1_10' title="bbox 392 2491 1439 2801">
    <p class='ocr_par' dir='ltr' id='par_1_14' title="bbox 392 2491 1439 2801">
     <span class='ocr_line' id='line_1_23' title="bbox 527 2491 1220 2554; baseline 0.003 -15"><span class='ocrx_word' id='word_1_89' title='bbox 527 2491 613 2540; x_wconf 91' lang='lat' dir='ltr'>Nil</span> <span class='ocrx_word' id='word_1_90' title='bbox 636 2491 926 2542; x_wconf 88' lang='lat' dir='ltr'>mortalibus</span> <span class='ocrx_word' id='word_1_91' title='bbox 951 2491 1090 2541; x_wconf 90' lang='lat' dir='ltr'>ardui</span> <span class='ocrx_word' id='word_1_92' title='bbox 1115 2502 1189 2542; x_wconf 90' lang='lat' dir='ltr'>est</span> <span class='ocrx_word' id='word_1_93' title='bbox 1206 2511 1220 2554; x_wconf 83' lang='lat'>3</span> 
     </span>
     <span class='ocr_line' id='line_1_24' title="bbox 392 2572 1439 2638; baseline 0.001 -15"><span class='ocrx_word' id='word_1_94' title='bbox 392 2574 585 2623; x_wconf 88' lang='lat' dir='ltr'>Caelum</span> <span class='ocrx_word' id='word_1_95' title='bbox 608 2572 770 2637; x_wconf 88' lang='lat' dir='ltr'>ipsum</span> <span class='ocrx_word' id='word_1_96' title='bbox 794 2573 1007 2637; x_wconf 90' lang='lat' dir='ltr'>petimus</span> <span class='ocrx_word' id='word_1_97' title='bbox 1032 2573 1249 2635; x_wconf 84' lang='lat' dir='ltr'>stultitia,</span> <span class='ocrx_word' id='word_1_98' title='bbox 1277 2591 1439 2638; x_wconf 90' lang='lat' dir='ltr'>neque</span> 
     </span>
     <span class='ocr_line' id='line_1_25' title="bbox 527 2655 1288 2719; baseline 0.003 -16"><span class='ocrx_word' id='word_1_99' title='bbox 527 2657 621 2704; x_wconf 92' lang='lat' dir='ltr'>Per</span> <span class='ocrx_word' id='word_1_100' title='bbox 643 2664 865 2705; x_wconf 90' lang='lat' dir='ltr'>nostrum</span> <span class='ocrx_word' id='word_1_101' title='bbox 890 2655 1104 2719; x_wconf 88' lang='lat' dir='ltr'>patimur</span> <span class='ocrx_word' id='word_1_102' title='bbox 1128 2658 1288 2705; x_wconf 91' lang='lat' dir='ltr'>scelus</span> 
     </span>
     <span class='ocr_line' id='line_1_26' title="bbox 395 2737 1342 2801; baseline 0.001 -16"><span class='ocrx_word' id='word_1_103' title='bbox 395 2738 645 2787; x_wconf 90' lang='lat' dir='ltr'>Iracunda</span> <span class='ocrx_word' id='word_1_104' title='bbox 667 2739 848 2801; x_wconf 89' lang='lat' dir='ltr'>Jovem</span> <span class='ocrx_word' id='word_1_105' title='bbox 872 2754 1059 2801; x_wconf 90' lang='lat' dir='ltr'>ponere</span> <span class='ocrx_word' id='word_1_106' title='bbox 1083 2737 1299 2786; x_wconf 90' lang='lat' dir='ltr'>fulmina.</span> <span class='ocrx_word' id='word_1_107' title='bbox 1340 2798 1342 2801; x_wconf 18' lang='grc' dir='ltr'>ι</span> 
     </span>
    </p>
   </div>
   <div class='ocr_carea' id='block_1_11' title="bbox 1666 255 1731 308">
    <p class='ocr_par' dir='ltr' id='par_1_15' title="bbox 1666 255 1731 308">
     <span class='ocr_line' id='line_1_27' title="bbox 1666 255 1731 308; baseline 0 0"><span class='ocrx_word' id='word_1_108' title='bbox 1666 255 1731 308; x_wconf 87' lang='lat'>19</span> 
     </span>
    </p>
   </div>
  </div>
 </body>
</html>
