2072 3542
675 223 844 264 BOOK
882 224 1121 265 1.—-oDE
1161 225 1269 266 XII.
1739 229 1807 284 45

135 367 228 416 bus
267 368 492 417 Deorum
532 369 612 417 vel
652 368 956 419 hominum.”
1040 371 1089 418 It
1127 386 1227 418 was
1269 369 1506 434 certainly
1542 373 1815 434 composed

135 451 307 499 before
341 450 426 499 the
463 450 613 499 death
649 451 708 499 of
736 450 821 499 the
852 466 1020 513 young
1057 452 1338 512 MarcelluS,
1367 466 1517 500 A.U.C.
1549 465 1640 513 731
1666 470 1680 513 3
1715 453 1814 501 and

137 537 290 587 Orelli
336 538 437 587 and
485 538 751 588 Macleane
804 555 949 602 agree
995 538 1048 587 in
1095 538 1358 603 accepting
1401 540 1636 588 Franke's
1682 541 1811 602 date,

134 635 285 670 A.U.C.
318 634 427 683 729.

807 903 977 950 CARM.
1018 903 1139 951 ΧΙΙ.

475 1097 639 1157 Quem
664 1093 822 1144 virum
847 1103 931 1144 aut
954 1091 1233 1159 heroa'lyra
1256 1095 1335 1144 vel
1360 1095 1458 1144 acri

473 1177 621 1226 Tibia
645 1176 797 1226 sumis
823 1178 1087 1238 celebrare,
1118 1177 1267 1227 Clio?

474 1261 639 1322 Quem
666 1261 870 1309 Deum?
942 1261 1097 1323 Cujus
1120 1259 1308 1309 recinet
1328 1261 1505 1323 Jocosa

608 1344 811 1391 Nomen
836 1340 1001 1405 imago

469 1549 573 1596 Aut
596 1546 649 1595 in
672 1546 918 1596 umbrosis
946 1546 1210 1596 Heliconis
1236 1547 1333 1596 oris

470 1631 572 1678 Aut
597 1646 745 1692 super
770 1629 932 1678 Pindo
955 1628 1185 1692 gelidove
1209 1629 1261 1677 in
1288 1632 1509 1680 Haemo?

470 1712 624 1761 Unde
647 1713 873 1760 vocalem
898 1721 1084 1761 temere
1108 1710 1346 1761 insecutae

604 1793 807 1857 Orphea
831 1792 980 1854 silvae,

465 2001 586 2047 Arte
610 2006 834 2046 materna
849 1996 876 2024 ³⁵
900 1996 1100 2060 rapidos
1124 2006 1402 2046 morantem

466 2079 749 2129 Fluminum
774 2081 940 2142 lapsus
965 2080 1251 2142 celeresque
1274 2088 1466 2140 ventos,

465 2161 713 2209 Blandum
739 2169 788 2209 et
811 2159 992 2209 auritas
1016 2159 1197 2209 fidibus
1223 2159 1416 2210 canoris

600 2244 800 2292 Ducere
825 2259 1047 2305 quercus.

466 2446 601 2510 Quid
624 2446 758 2511 prius
784 2445 948 2495 dicam
974 2445 1129 2495 solitis
1152 2445 1371 2510 parentis

464 2529 733 2591 Laudibus,
762 2527 846 2592 qui
870 2545 948 2578 res
972 2527 1234 2578 hominum
1258 2545 1318 2577 ac
1343 2529 1563 2589 deorum,

464 2610 564 2673 Qui
587 2628 723 2660 mare
747 2627 806 2659 ac
830 2619 981 2660 terras
1005 2609 1252 2673 variisque
1275 2611 1517 2659 mundum
1531 2611 1562 2659 †

595 2695 865 2756 Temperat
887 2691 1020 2742 horis
1035 2694 1059 2742 ?

462 2898 615 2949 Unde
638 2897 709 2948 nil
732 2900 892 2962 majus
916 2907 1177 2963 generatur
1199 2897 1322 2963 ipso,

462 2983 573 3031 Nec
595 2980 728 3045 viget
751 2980 1024 3045 quidquam
1038 2981 1209 3031 'simile
1233 2990 1318 3030 aut
1342 2980 1617 3031 secundum
1641 2999 1651 3030 ε

461 3061 720 3113 Proximos
744 3062 814 3111 illi
838 3071 1006 3112 tamen
1031 3047 1294 3127 occupavit

597 3146 760 3194 Pallas
783 3145 1012 3196 honores
