2072 3542
545 227 547 231 Ι
611 177 779 218 BOOK
817 177 1104 221 111.-ODE
1144 178 1221 220 IV.
1651 182 1751 237 223

419 324 623 384 Texere‚
651 322 828 371 mirum
852 324 988 387 quod
1012 325 1138 373 foret
1162 323 1407 387 omnibuS,

420 403 717 467 Quicunque
742 406 889 454 celsae
912 404 1086 454 nidum
1110 405 1441 469 Acherontiae,

484 487 746 550 Saltusque
771 487 1025 548 Bantinos,
1055 496 1104 537 et
1127 505 1297 536 arvum

552 567 742 632 Pingue
765 578 938 618 tenent
960 569 1157 619 humilis
1183 569 1384 620 Forenti
1401 589 1415 633 3

419 762 491 810 Ut
515 769 623 810 tuto
647 762 711 810 ab
737 761 852 810 atris
877 778 1084 826 corpore
1108 761 1289 826 viperis

417 843 698 892 Dormirem
723 853 772 892 et
794 843 917 893 ursis
935 863 949 906 3
984 853 1038 893 ut
1060 861 1308 908 premerer
1331 860 1470 894 sacra

484 926 747 988 Lauroque
771 927 1049 989 collataque
1062 935 1247 994 myrto,

552 1008 670 1056 Non
695 1006 801 1056 sine
826 1007 901 1057 dis
927 1007 1178 1057 animosus
1203 1007 1380 1057 infans.

420 1178 611 1238 Vester,
642 1178 891 1239 Camenae,
918 1186 1080 1226 vester
1103 1176 1154 1225 in
1179 1178 1361 1227 arduos

420 1259 594 1307 Tollor
617 1258 830 1308 Sabinos
848 1278 861 1320 3
898 1276 985 1308 seu
1008 1258 1131 1307 mihi
1155 1258 1384 1323 frigidum

485 1342 748 1402 Praeneste,
777 1358 863 1390 seu
887 1341 1045 1390 Tibur
1068 1340 1314 1405 supinum,

551 1425 648 1472 Seu
671 1423 873 1487 liquidae
898 1425 1127 1487 placuere
1154 1423 1336 1473 Baiae.5⁵

416 1594 606 1644 Vestris
630 1594 845 1644 amicum
869 1595 1088 1645 fontibus
1115 1605 1164 1645 et
1188 1596 1365 1658 choris,

417 1679 534 1727 Non
561 1694 641 1726 me
669 1677 909 1741 Philippis
933 1694 1074 1727 versa
1097 1677 1228 1727 acies
1253 1688 1396 1740 retro,

484 1761 682 1808 Devota
705 1776 807 1808 non
833 1758 1062 1808 exstinxit
1086 1761 1246 1821 arbos,

554 1843 664 1889 Nec
690 1840 852 1890 Sicula
877 1840 1135 1890 Palinurus
1160 1842 1345 1893 unda.†

418 2015 690 2076 Utcunque
714 2030 911 2062 mecum
934 2031 1023 2063 vos
1050 2013 1196 2075 eritis,
1222 2014 1382 2064 libens

420 2094 761 2144 Insanientem
785 2095 953 2144 navita
978 2098 1258 2160 Bosporum

483 2178 731 2238 Tentabo,
760 2186 808 2226 et
832 2187 1029 2227 urentes
1054 2195 1229 2228 arenas

552 2258 731 2308 Litoris
755 2259 944 2324 Assyrii
966 2259 1156 2323 viator3

418 2439 592 2488 Visam
617 2439 879 2489 Britannos
903 2440 1183 2504 hospitibus
1207 2441 1335 2490 feros

422 2524 486 2571 Et
509 2523 678 2571 laetum
705 2522 888 2585 equino
915 2522 1153 2586 sanguine
1179 2524 1474 2572 Concanum
1492 2542 1505 2586 3

483 2603 658 2653 Visam
681 2605 988 2668 pharetratos
1014 2606 1235 2654 Gelonos

555 2688 618 2735 Et
642 2686 924 2750 Scythicum
949 2686 1210 2736 inviolatus
1234 2703 1448 2736 amnem.

135 2928 166 2972 Ὺ
199 2929 229 2948 “
245 2927 338 2967 Nec
359 2926 500 2967 Sicula
521 2925 736 2966 Palinurus
755 2925 911 2966 unda.’'
972 2927 1090 2979 Cape
1111 2926 1340 2975 Palinurus,
1366 2940 1391 2967 a
1410 2933 1681 2980 promontory
1701 2940 1755 2966 on

2 3004 4 3006 ’
79 2993 150 3034 the
164 2998 340 3034 western
369 2997 483 3031 coast
502 2991 550 3030 of
564 2991 758 3032 Lucania.
822 2991 895 3031 All
914 2996 1112 3044 attempts
1133 2998 1176 3031 to
1196 2992 1399 3032 ascertain
1414 2998 1456 3031 at
1475 2992 1587 3032 what
1608 2992 1756 3044 period

79 3060 127 3100 of
139 3061 204 3100 his
223 3060 307 3110 life,
328 3073 375 3100 or
394 3072 449 3099 on
463 3058 575 3100 what
591 3060 795 3110 occasion,
819 3060 988 3101 Horace
1000 3061 1178 3113 escaped
1194 3060 1427 3113 shipwreck
1441 3061 1504 3101 off
1520 3061 1753 3110 Palinurus,

79 3139 150 3166 are
167 3125 243 3166 but
261 3138 374 3166 mere
394 3123 660 3176 conjectures.
