2072 3542
665 238 833 280 BOOK
873 237 1113 279 1.--ODE
1151 237 1248 277 xv.
1727 235 1791 291 57

121 389 177 438 of
193 387 361 452 youth,
387 388 477 435 but
501 383 539 433 it
562 383 603 432 is
628 384 823 433 seldom
846 383 953 432 that
977 383 1061 432 the
1085 390 1261 446 poetry
1284 382 1342 431 of
1358 382 1512 446 youth
1536 380 1576 431 is
1603 382 1800 445 equally

122 479 249 519 terse
273 468 375 517 and
399 466 702 516 condensed.

807 752 978 801 CARM.
1019 727 1153 800 XV.s·

403 910 579 956 Pastor
602 922 717 954 cum
740 906 954 954 traheret
977 922 1066 968 per
1087 906 1212 954 freta
1235 904 1444 954 navibus

404 988 553 1038 Idaeis
580 989 816 1037 Helenen
839 987 1055 1050 perfidus
1079 987 1346 1050 hospitam,

405 1074 607 1136 Ingrato
632 1071 817 1120 celeres
843 1069 1007 1119 obruit
1031 1068 1135 1118 otio

540 1141 749 1212 Ventos,
775 1161 830 1200 ut
854 1147 1053 1200 caneret
1076 1153 1178 1200 fera

410 1322 602 1369 Nereus
626 1321 754 1368 fata:
794 1320 935 1377 Mala
959 1317 1098 1367 ducis
1123 1318 1202 1367 avi
1226 1319 1445 1380 domum,

410 1403 573 1464 Quam
598 1403 757 1450 multo
781 1409 972 1463 repetet
997 1399 1191 1449 Graecia
1214 1399 1384 1461 milite,

416 1485 688 1546 Conjurata
709 1491 818 1530 tuas
842 1498 1070 1545 rumpere
1094 1481 1292 1545 nuptias

550 1567 615 1614 Et
639 1581 845 1628 regnum
871 1562 1052 1612 Priami
1076 1572 1229 1612 vetus.

418 1731 553 1789 HeU‚
579 1729 707 1776 heu!
745 1736 960 1790 quantus
986 1726 1142 1790 equis,
1169 1737 1382 1791 quantus
1407 1729 1550 1778 adest
1574 1728 1687 1777 viris

418 1811 607 1860 Sudor!
644 1818 832 1872 quanta
854 1826 1028 1858 moves
1053 1811 1225 1858 funera
1249 1811 1500 1859 Dardanae

422 1891 572 1942 Genti
594 1895 602 1940 1
637 1893 752 1954 Jam
775 1892 969 1954 galeam
995 1892 1157 1940 Pallas
1183 1900 1232 1940 et
1256 1891 1417 1955 aegida

558 1975 842 2036 Currusque
868 1981 916 2021 et
940 1972 1128 2021 rabiem
1152 1981 1304 2036 parat.

425 2121 789 2185 Nequicquam,
816 2122 1026 2172 Veneris
1051 2122 1283 2186 praesidio
1307 2124 1457 2185 ferox,

427 2206 603 2253 Pectes
629 2204 895 2265 caesariem,
921 2213 1158 2268 grataque
1182 2204 1377 2254 feminis

430 2286 629 2336 Imbelli
654 2286 844 2335 cithara
868 2286 1089 2335 carmina
1113 2286 1305 2336 divides
1327 2287 1384 2349 3÷÷

563 2367 914 2431 Nequicquam
937 2370 1197 2419 thalamo†
1218 2385 1391 2432 graves

430 2520 617 2567 Hastas
643 2527 693 2567 et
718 2517 896 2567 calami
920 2517 1111 2582 spicula
1136 2516 1310 2567 Cnosii

433 2599 641 2661 Vitabis,
669 2599 1025 2663 strepitumque
1051 2609 1101 2649 et
1124 2601 1337 2649 celerem
1361 2598 1501 2662 sequi

435 2683 643 2745 Ajacem
658 2700 672 2743 3
708 2691 877 2731 tamen
901 2683 998 2731 heu
1024 2699 1159 2731 serus
1184 2683 1433 2730 adulteros

566 2762 740 2813 Crines
764 2765 964 2826 pulvere
989 2763 1207 2813 collines.

437 2914 555 2962 Non
581 2913 890 2975 Laertiaden,
917 2913 1119 2964 exitium
1144 2925 1242 2965 tuae

437 2994 602 3056 Genti,
630 3012 733 3046 non
759 2995 954 3059 Pylium
980 2999 1194 3046 Nestora
1216 2996 1455 3060 respicis?

441 3077 632 3139 Urgent
655 3075 892 3140 impavidi
916 3086 965 3127 te
990 3077 1282 3127 Salaminius

574 3161 768 3209 Teucer
791 3169 840 3209 et
865 3160 1124 3210 Sthenelus
1148 3159 1309 3210 sciens
