2072 3542
598 239 766 280 BOOK
806 239 1099 281 111.—0DE
1139 241 1191 281 v.
1624 242 1734 300 333

755 480 928 561 CARM.
968 513 1031 560 V.

394 704 531 753 Caelo
556 711 814 752 tonantem
839 702 1141 752 credidimus
1164 706 1346 767 Jovem

391 786 621 849 Regnare
642 804 652 834 :
687 782 904 848 praese'ns
930 785 1111 834 divus⁹⁶
1136 786 1401 836 habebitur

457 864 722 930 Augustus,
749 866 957 930 adjectis
983 867 1231 917 Britannis

526 948 746 1012 Imperio
769 948 1101 1013 gravibusque
1127 949 1338 1001 Persis.†

390 1189 606 1239 Milesne
633 1189 799 1240 Crassi
823 1192 1036 1254 conjuge
1060 1192 1270 1240 barbara

389 1272 571 1335 Turpis
595 1271 798 1321 maritus
823 1272 981 1322 vixit?
1017 1282 1066 1322 et
1089 1273 1377 1323 hostium—

457 1357 554 1403 Pro
581 1353 731 1403 Curia
754 1354 1035 1418 inversique
1059 1372 1223 1405 mores
1244 1356 1365 1419 !‡-—

523 1437 800 1486 Consenuit
824 1454 1104 1487 socerorum
1131 1438 1183 1486 in
1207 1437 1369 1500 armis,

387 1679 489 1727 Sub
512 1694 626 1741 rege
653 1678 824 1738 Medo,
853 1680 1050 1727 Marsus
1076 1687 1125 1727 et
1147 1679 1355 1747 Apu-lus,

387 1759 695 1808 Anciliorum
721 1769 769 1808 et
792 1760 1008 1809 nominis
1033 1770 1081 1809 et
1105 1770 1235 1824 togae

457 1842 671 1902 Oblitus,
699 1851 996 1905 aeternaeque
1021 1844 1203 1904 Vestae,
1225 1845 1248 1907 §

521 1924 769 1973 Incolumi
791 1926 919 1987 Jove
945 1933 994 1974 et
1016 1927 1139 1974 urbe
1165 1926 1367 1974 Roma?
1386 1925 1407 1988 ΙΙ

385 2168 504 2215 Hoc
529 2175 725 2215 caverat
747 2183 889 2215 mens
913 2165 1122 2230 provida
1147 2165 1327 2230 Reguli

386 2247 736 2297 Dissentientis
761 2248 1132 2298 conditionibus

450 2329 633 2391 Foedis,
663 2339 712 2379 et
738 2331 966 2394 exemplo
990 2329 1228 2379 trahentis

519 2403 796 2460 Perniciem
819 2411 1023 2461 veniens
1048 2411 1098 2460 in
1124 2429 1299 2474 aevum,

381 2636 431 2686 Si
454 2653 558 2691 non
581 2636 760 2700 periret
783 2636 1144 2687 immiserabilis
1239 2701 1242 2704 Δ

380 2718 591 2783 Captiva
614 2721 785 2782 pubes.
862 2722 875 2745 ‘
891 2719 1039 2783 Signa
1063 2737 1156 2784 ego
1181 2718 1380 2769 Punicis

439 2802 621 2850 Adfixa
644 2801 861 2851 delubris
888 2811 936 2851 et
961 2819 1098 2851 arma

516 2882 763 2932 Militibus
788 2883 895 2933 sine
920 2884 1090 2944 caede,'
1115 2882 1252 2944 dixit,

91 3115 108 3160 ΙΙ
142 3113 173 3133 “
186 3109 391 3152 Incolumi
417 3110 562 3164 Jove.''
625 3112 656 3131 “
672 3111 799 3152 Salvo
829 3111 1084 3164 Capitolio‚”
1117 3112 1390 3153 Schol.--vi2.
1401 3144 1412 3164 ,
1431 3112 1503 3153 the
1533 3111 1704 3164 Capitol

35 3176 79 3217 in
97 3176 235 3217 which
254 3176 377 3218 stood
396 3176 467 3217 the
487 3176 643 3229 temple
663 3176 711 3217 of
726 3177 969 3230 Capitoline
984 3178 1104 3231 Jove.
