2072 3542
525 290 695 332 BOOK
736 290 1026 331 111.—ODE
1065 290 1258 331 XXVII.

366 439 378 462 ί
400 436 551 485 Unde
575 452 676 499 quo
700 435 852 486 veni?
867 435 895 464 ⁹⁶
964 435 1113 486 Levis
1138 453 1238 485 una
1260 451 1393 485 mors
1418 445 1491 485 est

369 517 625 582 Virginum
649 520 823 582 culpae.
897 517 1188 582 Vigilansne
1211 519 1354 582 ploro

363 601 532 664 Turpe
556 600 890 661 commissum,
918 617 983 649 an
1006 599 1137 649 vitiis
1162 609 1411 649 carentem

567 682 718 731 Ludit
742 681 906 747 imago

361 861 520 919 Vana,
548 875 660 922 quae
684 869 828 923 porta
850 859 1042 924 fugiens
1068 860 1254 909 eburna

363 941 619 991 Somnium
644 942 817 992 ducit?
889 942 1139 991 Meliusne
1163 943 1341 991 fluctus

363 1024 443 1072 Ire
466 1040 554 1087 per
575 1025 751 1088 longos
775 1023 877 1085 fuit,
905 1041 970 1073 an
993 1033 1217 1074 recentes

563 1107 780 1170 Carpere
805 1107 950 1155 flores
965 1108 988 1155 Ρ

360 1289 411 1339 Si
435 1289 544 1353 quis
569 1290 803 1341 infamem
826 1291 949 1340 mihi
973 1309 1107 1341 nunc
1126 1293 1395 1356 juvencum

361 1373 529 1422 Dedat
552 1372 702 1435 iratae,
730 1375 942 1423 lacerare
966 1376 1091 1423 ferro
1118 1383 1167 1424 et

360 1454 604 1518 Frangere
629 1455 786 1505 enitar
808 1457 961 1506 modo
985 1457 1195 1506 multum
1219 1455 1372 1505 amati

566 1539 767 1587 Cornua
788 1537 1007 1588 monstri.
1050 1541 1054 1544 ’

361 1718 634 1780 Impudens
657 1717 779 1781 liqui
801 1717 986 1781 patrios
1012 1720 1224 1768 Penates
1241 1736 1255 1779 3
1351 1677 1411 1792 ἶ

361 1799 633 1861 Impudens
660 1800 846 1848 Orcum
869 1816 1044 1848 moror.
1121 1800 1167 1848 O
1187 1787 1415 1848 deorum?

359 1880 409 1929 Si
434 1880 542 1943 quis
567 1881 677 1930 haec
700 1881 854 1942 audis,
882 1881 1073 1930 utinam
1098 1881 1225 1930 inter
1249 1831 1425 1983 errem]

565 1964 717 2013 Nuda
740 1965 911 2013 leones
933 1968 941 2013 Ξ

358 2144 644 2206 Antequam
667 2143 821 2208 turpis
845 2143 1028 2204 macies
1058 2140 1327 2244 decentes]

361 2224 589 2288 Occupet
612 2227 782 2287 malaS,
810 2235 1091 2290 teneraeque
1117 2242 1305 2275 succus¹

360 2307 560 2356 Defluat
582 2309 779 2370 praedae,
807 2308 1034 2372 speciosa
1058 2325 1226 2372 quaero
1302 2376 1303 2379 Ἴ

560 2391 769 2439 Pascere
794 2390 952 2454 tigres,
1274 2396 1310 2419 ᾧ

360 2564 391 2587 “
407 2562 532 2611 Vilis
558 2564 799 2627 Europe‚''
823 2573 963 2627 pater
985 2573 1124 2627 urget
1147 2562 1328 2613 absens
1352 2583 1361 2613 ε

360 2646 389 2668 “
409 2644 544 2705 Quid
567 2644 694 2694 mori
717 2662 879 2694 cessas
894 2649 917 2695 Ρ
1001 2648 1150 2695 Potes
1173 2647 1268 2694 hac
1292 2647 1355 2695 ab
1381 2662 1503 2696 orno

360 2726 638 2778 Pendulum
663 2742 790 2774 zona
812 2728 942 2776 bene
966 2735 1015 2776 te
1040 2735 1210 2776 secuta

559 2808 765 2856 Laedere
790 2809 986 2857 collum.

356 2965 467 3015 Sive
491 2975 540 3015 te
564 2984 708 3031 rupes
734 2977 782 3018 et
805 2978 950 3018 acuta
972 2970 1073 3018 leto

358 3049 484 3097 Saxa
508 3049 771 3111 delectant,
797 3068 887 3114 age
911 3060 962 3100 te
985 3051 1213 3114 procellae

357 3130 518 3179 Crede
542 3131 714 3192 veloci,
741 3131 835 3180 nisi
858 3132 1011 3180 herile
1035 3131 1190 3180 mavis

559 3213 774 3276 Carpere
797 3230 1021 3277 pensum,

1630 291 1726 345 315
