2072 3542
561 256 727 296 BOOK
767 255 1055 296 III.—-ODE
1094 255 1154 295 II.
1593 256 1693 298 21⁶1

359 400 540 461 Virtus,
567 401 776 463 repulsae
800 398 968 448 nescia
994 398 1270 462 sordidae‚‡

364 481 678 530 Intaminatis
703 482 855 544 fulget
879 479 1154 529 honoribus
1171 499 1185 542 3

430 565 540 612 Nec
564 562 712 611 sumit
736 571 820 611 aut
844 562 986 626 ponit
1012 579 1207 611 secures

494 643 710 693 Arbitrio
735 643 985 707 popularis
1010 660 1153 693 aurae.

361 818 542 879 Virtus,
570 819 830 867 recludens
856 817 1111 867 immeritis
1136 817 1261 867 mori

362 902 567 960 Caelum,
596 908 775 963 negata
799 908 958 948 tentat
982 898 1073 948 iter
1095 899 1187 960 via,

429 982 704 1044 Coetusque
727 983 952 1044 volgares
979 990 1027 1030 et
1050 981 1201 1029 udam

495 1062 691 1126 Spernit
715 1052 921 1111 humum
945 1062 1163 1127 fugiente
1188 1079 1367 1126 penna.

364 1243 453 1290 Est
478 1250 526 1290 et
550 1239 684 1290 fideli
708 1250 814 1290 tuta
838 1240 1032 1290 silentio

364 1325 588 1372 Merces:
624 1325 820 1384 vetabo,
848 1323 933 1386 qui
960 1323 1152 1373 Cereris
1178 1340 1371 1372 sacrum

429 1405 653 1468 Volgarit
677 1422 885 1465 arcanae,
912 1407 1003 1454 sub
1029 1405 1189 1454 isdem

500 1487 570 1536 Sit
594 1487 815 1561 trabibus
839 1487 1122 1551 fragilemve
1146 1503 1342 1537 mecum

364 1666 531 1714 Solvat
555 1665 795 1727 phaselon
817 1682 831 1725 3
869 1681 1001 1727 saepe
1027 1664 1278 1728 Diespiter

365 1748 635 1810 Neglectus
660 1746 851 1795 incesto
877 1746 1070 1796 addidit
1094 1746 1336 1810 integrum
1359 1765 1369 1795 z

430 1827 566 1874 Raro
590 1826 969 1874 antecedentem
995 1827 1258 1874 scelestum

499 1907 731 1956 Deseruit
754 1908 881 1970 pede
908 1909 1065 1955 Poena
1089 1907 1282 1956 claudo.

24 2126 94 2165 the
113 2126 294 2164 honours
315 2125 451 2165 which
473 2124 620 2164 Virtue
641 2125 760 2164 seeks
779 2124 907 2176 being
925 2123 1119 2176 acquired
1133 2123 1190 2175 by
1209 2122 1363 2163 herself
1386 2123 1520 2173 alone,
1546 2133 1698 2167 cannot

23 2191 79 2242 by
98 2190 235 2230 others
254 2190 308 2229 be
327 2189 487 2228 stained
511 2203 558 2228 or
586 2189 766 2229 touched
788 2189 1089 2238 (intaminatis).
1167 2187 1316 2228 Cicero
1345 2188 1420 2227 has
1448 2190 1609 2241 exactly
1628 2190 1699 2231 the

23 2268 136 2295 same
155 2255 376 2295 sentiment
392 2255 488 2304 (Pro
511 2254 659 2303 Sestio,
686 2252 750 2303 28,
772 2254 855 2303 60),
877 2255 960 2293 and
978 2254 1146 2293 Horace
1162 2254 1312 2293 almost
1327 2253 1504 2306 literally
1516 2256 1696 2296 versifies

22 2320 92 2360 the
120 2332 305 2372 passage,
334 2319 522 2358 “Virtus
550 2319 658 2358 lucet
687 2319 730 2358 in
758 2318 1266 2371 tenebris-splendetque
1295 2331 1370 2370 per
1397 2331 1485 2359 sese
1514 2333 1688 2372 semper,

21 2398 154 2438 neque
183 2384 326 2425 alienis
356 2397 538 2437 unquam
568 2384 758 2424 sordibus
787 2382 1194 2425 obsolescit.⁷'—See
1225 2383 1391 2424 Orelli’s
1420 2390 1530 2435 note,
1555 2387 1636 2427 vol.
1662 2386 1689 2428 i.

25 2464 64 2503 1)-
90 2458 184 2502 345⁴
