2072 3542
529 297 535 303 ,
571 254 741 301 BOOK
781 254 1070 295 111.—ODE
1111 254 1281 295 XXIV.
1656 256 1757 313 303

353 399 450 446 Vel
475 413 569 446 nos
594 396 646 445 in
674 396 991 461 Capitolium,

422 480 538 540 Quo
565 480 753 528 clamor
775 488 922 529 vocat
948 489 996 528 et
1021 481 1165 529 turba
1188 479 1472 542 faventium,

354 561 448 608 Vel
473 576 565 608 nos
591 559 642 607 in
666 576 802 609 mare
826 559 1106 623 proximum

420 642 657 690 Gemmas
684 650 732 690 et
756 641 962 704 lapides,
990 658 1162 690 aurum
1188 650 1237 691 et
1261 640 1450 702 inutile,

354 792 542 843 Summi
566 793 823 842 materiem
846 792 978 855 mali,

425 874 700 936 Mittamus,
730 876 971 924 scelerum
996 875 1036 924 si
1060 877 1191 926 bene
1215 874 1472 939 poenitet*

354 954 621 1003 Eradenda
644 953 891 1017 cupidinis

422 1031 566 1079 Pravi
592 1040 707 1080 sunt
733 1033 993 1093 elementa,
1021 1041 1071 1082 et
1096 1041 1279 1082 tenerae
1304 1032 1451 1081 nimis

357 1183 557 1231 Mentes
582 1182 912 1245 asperioribus

423 1265 718 1313 Formandae
743 1265 929 1313 studiis.
1005 1265 1180 1315 Nescit
1206 1283 1335 1329 equo
1359 1267 1492 1316 rudis

358 1348 566 1395 Haerere
591 1346 835 1409 ingenuus
860 1364 996 1410 puer,
1052 1375 1055 1380 ·

426 1427 714 1490 Venarique
739 1428 880 1477 timet
897 1447 911 1491 3
946 1430 1119 1479 ludere
1144 1429 1352 1491 doctior,

357 1581 453 1629 Seu
479 1581 657 1629 Graeco
678 1581 855 1643 jubeas
880 1581 1056 1630 trocho
1071 1592 1101 1641 †

423 1663 520 1711 Seu
543 1661 686 1711 malis
711 1662 866 1711 vetita
889 1662 1082 1726 legibus
1107 1664 1240 1712 alea:

358 1744 488 1793 Cum
512 1745 708 1806 perjura
731 1743 881 1806 patris
906 1745 1029 1793 fides

426 1827 724 1874 Consortem
750 1825 940 1874 socium
972 1827 1109 1875 fallat
1135 1836 1185 1875 et
1207 1827 1471 1890 hospitem,

359 1974 675 2039 Indignoque
699 1974 964 2039 pecuniam

426 2057 619 2106 Heredi
644 2067 888 2120 properet.
964 2058 1161 2108 Scilicet
1186 2059 1425 2123 improbae

360 2139 603 2188 Crescunt
629 2138 811 2188 divitiae
829 2140 885 2203 3ss
915 2148 1079 2189 tamen

433 2222 600 2271 Curtae
625 2220 797 2270 nescio
823 2220 944 2285 quid
969 2238 1165 2285 semper
1188 2224 1330 2271 abest
1353 2228 1436 2272 re'1'.·

91 2464 451 2514 “immoderate,’'
486 2466 594 2506 “out
623 2466 671 2506 of
698 2466 756 2506 all
786 2467 1072 2519 proportion.''
1143 2468 1362 2510 Macleane
1395 2470 1547 2522 rightly
1576 2472 1767 2512 observes

85 2528 176 2569 that
202 2528 491 2581 “improbus’'
521 2530 555 2569 is
584 2543 663 2570 one
692 2531 740 2569 of
763 2531 834 2571 the
861 2538 970 2572 most
999 2533 1170 2573 difficult
1190 2535 1327 2575 words
1347 2541 1391 2574 to
1410 2535 1547 2575 which
1567 2541 1611 2576 to
1631 2538 1767 2590 assign

84 2594 139 2634 its
157 2606 310 2646 proper
323 2594 529 2646 meaning.
592 2595 632 2635 It
650 2595 813 2648 implies
829 2610 979 2647 excess‚
1000 2599 1082 2637 and
1098 2598 1188 2639 that
1201 2612 1338 2639 excess
1358 2606 1466 2640 must
1482 2601 1535 2641 be
1550 2603 1766 2653 expressed

86 2658 309 2711 according
327 2664 371 2698 to
391 2658 461 2699 the
481 2659 638 2712 subject
658 2660 885 2702 described.
