2072 3542
570 240 737 282 BOOK
778 239 1016 281 I.—ODE
1055 239 1245 280 XXXV.

401 388 484 436 Ad
510 403 646 436 arma
670 394 934 447 cessanteS,
961 386 1026 434 ad
1050 401 1186 434 arma

470 469 720 531 Concitet,
745 468 1106 534 imperiumque
1130 470 1331 532 frangat.

332 644 407 691 Te
433 658 627 705 semper
649 641 804 691 anteit
829 658 961 691 saeva
985 639 1283 702 Necessitas,

334 724 515 773 Clavos
539 724 751 772 trabales
776 731 824 772 et
849 739 1034 772 cuneos
1058 739 1209 770 manu

401 806 614 854 Gestans
639 807 766 854 a‘e'na
783 823 797 866 5
831 821 927 853 nec
952 820 1149 853 severus

467 888 644 936 Uncus
667 887 823 947 abest,
850 884 1194 949 liquidumque
1218 882 1523 948 plumbum.⁷'⁵

329 1065 405 1112 Te
429 1064 552 1126 Spes
577 1072 625 1112 et
649 1064 764 1112 albo
788 1080 896 1111 rara
920 1062 1068 1111 Fides
1094 1061 1212 1111 colit

328 1145 507 1192 Velata
529 1160 710 1207 panno,
739 1160 833 1192 nec
858 1143 1092 1193 comitem
1116 1145 1340 1206 abnegat,

396 1227 668 1288 Utcunque
692 1235 881 1274 mutata
904 1234 1134 1288 potentes

462 1309 617 1356 Veste
642 1308 819 1356 domos
843 1306 1044 1355 inimica
1066 1305 1261 1370 linquis.

326 1486 393 1533 At
417 1486 590 1547 volgus
615 1483 823 1532 infidum
849 1492 898 1532 et
920 1481 1149 1532 meretrix
1172 1491 1302 1531 retro

327 1567 527 1630 Perjura
551 1564 685 1615 cedit
701 1585 714 1627 5
750 1565 1012 1628 diffugiunt
1037 1563 1173 1614 cadis

393 1649 523 1698 Cum
547 1649 670 1697 faece
694 1645 888 1696 siccatis
914 1646 1074 1707 amici,

460 1731 606 1779 Ferre
627 1730 800 1793 jugum
825 1727 1005 1792 pariter
1028 1727 1202 1778 dolosi.

324 1906 495 1954 Serves
520 1903 700 1953 iturum
727 1905 975 1954 Caesarem
1000 1902 1050 1951 in
1075 1902 1275 1952 ultimos

324 1985 472 2036 Orbis
498 1985 772 2045 Britannos,
801 1995 850 2034 et
870 1987 1110 2048 juvenum
1134 2001 1305 2034 recens

391 2071 615 2118 Examen
640 2068 760 2117 Eois
784 2066 1059 2116 timendum

457 2150 699 2212 Partibus,
727 2151 1033 2212 Oceanoque
1058 2150 1218 2198 rubro.

322 2327 465 2375 Eheu
485 2329 494 2375 l
531 2324 815 2375 cicatricum
842 2334 890 2375 et
915 2323 1111 2374 sceleris
1136 2324 1290 2387 pudet

322 2408 658 2470 Fratrumque.
734 2406 871 2468 Quid
895 2423 987 2455 nos
1012 2407 1134 2455 dura
1156 2403 1420 2468 refugimus

387 2490 570 2537 AEtas?
601 2487 721 2551 quid
745 2487 986 2537 intactum
1010 2485 1188 2536 nefasti

455 2569 714 2634 Liquimus
729 2572 752 2618 ?
786 2570 920 2619 unde
944 2586 1148 2618 manum
1168 2570 1402 2631 juventus

320 2745 464 2793 Metu
490 2744 697 2793 deorum
723 2742 1004 2793 continuit?
1039 2742 1216 2805 quibus

320 2824 548 2888 Pepercit
572 2825 666 2874 aris
682 2827 705 2874 Ρ
774 2826 820 2875 O
846 2825 1036 2874 utinam
1061 2840 1192 2873 nova

388 2907 582 2956 Incude
606 2906 832 2970 diffingas
856 2915 1074 2956 retusum
1098 2905 1150 2953 in

453 2990 765 3052 Massagetas
789 2990 1079 3051 Arabasque
1104 2989 1305 3036 ferrum!

1645 242 1742 294 117
