2072 3542
736 262 938 304 EPoDE
976 262 1036 302 11.
1613 260 1721 313 423

251 410 353 458 Aut
377 406 427 455 in
451 406 655 456 reducta
676 406 803 454 valle
827 403 1152 469 mugientium

320 491 609 551 Prospectat
633 495 848 536 errantes
871 482 1073 550 greges-3

254 569 559 633 Inutilesque
583 570 706 618 falce
730 585 892 617 ramos
917 555 1178 631 amputans

322 652 586 711 Feliciores
611 645 808 712 ins'erit3

251 737 354 784 Aut
378 750 546 798 pressa
569 732 701 796 puris
726 731 874 782 mella
898 731 1069 781 condit
1094 729 1344 795 amphoris
1362 749 1375 792 ς

319 817 422 863 Aut
446 816 621 864 tondet
646 814 862 862 infirmas
887 830 1004 862 oves
1022 832 1035 875 3
1051 813 1092 840 ἦ

253 898 362 957 Vel,
391 913 503 962 cum
529 897 762 945 decorum
788 895 990 944 mitibus
1014 893 1176 958 pomis
1201 903 1350 958 caput

320 981 630 1026 Auctumnus
655 963 991 1040 agris‘ektu'li't,

255 1062 328 1110 Ut
350 1061 532 1123 gaudet
552 1059 751 1122 insitiva
776 1060 1047 1121 decerpens
1072 1057 1190 1121 pira,

323 1141 608 1190 Certantem
634 1148 682 1188 et
705 1156 852 1187 uvam
875 1156 1116 1202 purpurae,

256 1222 369 1284 Qua
391 1230 673 1270 muneretur
696 1230 757 1282 te,
787 1220 976 1283 Priape,
1004 1229 1054 1269 et
1077 1230 1141 1281 te,
1166 1229 1307 1283 pater

323 1303 532 1364 Silvane,
559 1311 691 1351 tutor
713 1302 884 1350 finium
906 1302 960 1351 1†

257 1385 403 1434 Libet
423 1385 602 1447 jacere,
631 1385 785 1433 modo
811 1386 902 1433 sub
926 1383 1130 1447 antiqua
1154 1382 1279 1443 ilice,

325 1468 486 1516 Modo
511 1466 561 1514 in
587 1466 749 1515 tenaci
773 1449 1006 1529 gramine.

257 1550 513 1597 Labuntur
535 1548 644 1597 altis
670 1548 865 1597 interim
888 1548 1005 1611 ripis
1030 1565 1186 1611 aquae,

327 1632 612 1692 Queruntur
635 1630 686 1678 in
711 1630 843 1679 silvis
868 1646 999 1691 aves,

257 1714 542 1775 Fontesque
567 1711 780 1776 lymphis
806 1713 1099 1775 obstrepunt
1124 1710 1455 1772 manantibus,

327 1796 540 1843 Somnos
566 1795 703 1857 quod
728 1793 901 1842 invitet
925 1795 1071 1842 leves.

258 1878 326 1924 At
350 1892 462 1924 cum
488 1874 731 1925 Tonantis
756 1892 914 1930 annus
938 1875 1172 1923 hibernus
1195 1873 1336 1937 Jovis

327 1959 518 2006 Imbres
542 1957 780 2019 nivesque
804 1965 1071 2019 comparat,

259 2041 361 2087 Aut
385 2038 536 2087 trudit
560 2054 696 2087 acres
721 2038 838 2086 hinc
863 2047 911 2086 et
935 2037 1052 2086 hinc
1076 2039 1232 2086 multa
1255 2054 1379 2086 cane

326 2123 489 2183 Apros
514 2119 565 2168 in
591 2122 847 2169 obstantes
872 2121 1041 2182 plagas
1059 2091 1099 2181 3⁷
1414 2106 1417 2109 ⁵

260 2204 362 2250 Aut
386 2201 533 2251 amite
558 2201 654 2250 levi
678 2218 785 2249 rara
808 2199 967 2250 tendit
990 2200 1125 2260 retia,

329 2284 510 2333 Turdis
537 2283 772 2333 edacibus
798 2284 942 2332 dolos
959 2301 973 2344 3
1350 2322 1383 2336 β

265 2364 610 2428 Pavidumque
634 2366 855 2427 leporem
881 2372 930 2413 et
954 2364 1201 2412 advenam
1224 2364 1405 2426 laqueo
1429 2379 1599 2426 gruem

329 2447 562 2509 Jucunda
585 2455 751 2509 captat
775 2445 989 2509 praemia.

266 2529 390 2590 Quis
414 2545 513 2577 non
541 2530 792 2588 malarum,
821 2544 942 2590 quas
960 2543 1107 2575 amor
1130 2543 1270 2575 curas
1295 2528 1459 2588 habet,

335 2612 466 2658 Haec
490 2608 616 2658 inter
639 2608 978 2658 obliviscitur?

268 2692 420 2753 Quod
444 2690 485 2739 si
508 2690 690 2754 pudica
713 2690 887 2739 mulier
909 2689 960 2737 in
984 2698 1172 2752 partem
1195 2691 1334 2753 juvet

337 2774 559 2821 Domum
583 2781 733 2835 atque
757 2773 927 2821 dulces
951 2770 1147 2831 liberos,

118 3013 149 3058 ’1-
181 3014 211 3035 “
231 3014 356 3053 Pater
394 3011 574 3060 Silvane,
618 3018 731 3052 tutor
775 3010 963 3053 finium.·’'
1041 3011 1248 3061 Silvanus,
1291 3010 1434 3051 whose
1471 3024 1587 3050 more
1624 3010 1742 3050 usual

65 3078 264 3119 attribute
296 3076 331 3116 is
368 3076 439 3137 the
472 3089 565 3116 care
599 3075 918 3116 of-corn-fields
947 3076 1030 3115 and
1059 3075 1196 3125 cattle,
1231 3076 1266 3116 is
1303 3075 1402 3115 here
1440 3075 1563 3115 made
1601 3081 1645 3115 to
1672 3088 1745 3114 un-

67 3143 240 3183 dertake
278 3141 349 3181 the
389 3140 623 3194 protection
661 3140 708 3180 of
739 3140 1005 3189 boundaries,
1048 3140 1187 3180 which
1224 3139 1420 3193 properly
1457 3139 1663 3192 belonged
1699 3146 1744 3180 to

69 3207 303 3247 Terminus.
