2072 3542
651 269 817 311 BooK
857 269 1121 312 11.-oDE
1158 269 1218 312 11.
1672 275 1690 312 1
1704 274 1763 326 31

793 558 966 607 CARM.
1007 559 1076 607 ΙΙ.

501 754 678 801 Nullus
702 763 904 817 argento
929 755 1066 803 color
1090 763 1163 803 est
1186 753 1344 803 avaris

501 834 690 883 Abdito
715 834 865 896 terris,
894 835 1090 885 inimice
1115 837 1294 885 lamnae

502 915 675 979 Crispe
701 917 910 986 Sallusti,
938 917 1033 966 nisi
1057 927 1329 981 temperato

700 999 968 1061 Splendeat
992 1017 1095 1048 usu.

498 1195 646 1245 Vivet
669 1205 870 1246 extento
896 1196 1217 1245 Proculeius*
1243 1213 1363 1258 aevo,

500 1280 662 1327 Notus
687 1277 739 1326 in
762 1279 932 1327 fratres
957 1278 1108 1327 animi
1132 1278 1323 1342 paterni
1341 1297 1353 1340 3

502 1357 649 1408 Illum
673 1368 787 1423 aget
809 1376 976 1423 penna
998 1369 1250 1409 metuente
1275 1359 1399 1408 solvi

697 1444 852 1505 Fama
875 1452 1132 1505 superstes,

496 1640 665 1690 Latius
690 1657 863 1704 regnes
888 1640 1088 1689 avidum
1111 1640 1366 1689 domando

495 1722 742 1786 Spiritum,
769 1739 918 1786 quam
943 1723 985 1771 si
1011 1722 1219 1786 Libyam
1243 1720 1443 1770 remotis

452 1840 455 1843 -
495 1803 719 1859 Gadibus
739 1806 932 1868 jungas,
960 1813 1009 1853 et
1033 1814 1237 1867 uterque
1263 1802 1484 1852 Poenus†

693 1885 881 1935 Serviat
905 1885 1003 1935 uni.

491 2080 682 2130 Crescit
705 2080 965 2145 indulgens
990 2081 1084 2130 sibi
1108 2080 1240 2130 dirus
1264 2082 1494 2145 hydrops,

496 2165 605 2211 Nec
631 2162 762 2212 sitim
785 2163 936 2226 pellit,
965 2163 1060 2212 nisi
1084 2180 1233 2212 causa
1256 2162 1416 2212 morbi

491 2244 689 2308 Fugerit
713 2245 865 2307 venis,
895 2255 944 2294 et
968 2262 1184 2308 aquosus
1209 2246 1324 2294 albo

691 2328 913 2395 Corpore
937 2329 1154 2390 languor.

83 2543 266 2584 whether
288 2545 433 2597 Caepio
453 2559 537 2585 was
558 2545 715 2586 related
736 2552 779 2585 to
798 2546 896 2585 him.
961 2546 1200 2586 Proculeius
1215 2559 1300 2586 was
1320 2558 1474 2598 among
1492 2546 1563 2586 the
1587 2545 1752 2585 Roman

80 2609 249 2661 knights
269 2623 324 2649 on
343 2610 481 2650 whom
499 2612 711 2663 Augustus
732 2612 908 2664 thought
928 2611 975 2651 of
988 2612 1221 2667 bestowing
1237 2612 1347 2664 Julia
1366 2611 1408 2651 in
1428 2610 1639 2662 marriage.

132 2674 163 2719 Τ
198 2675 226 2695 “
245 2674 391 2714 Either
407 2675 791 2727 Carthage’'——-vi2.,
813 2676 884 2716 the
900 2676 1072 2716 African
1090 2677 1299 2728 Carthage
1317 2675 1400 2715 and
1420 2675 1492 2715 her
1506 2675 1688 2715 colonies
1708 2673 1750 2712 in

81 2738 223 2791 Spain.
