2072 3542
533 265 701 306 BOOK
740 265 1030 306 111.-0DE
1069 265 1191 306 XVI.

320 413 443 460 Late
467 410 788 474 conspicuum
815 412 987 461 tollere
1010 409 1260 470 verticem,

456 495 725 554 Maecenas,
754 492 971 556 equitum
999 491 1199 543 decus*

320 624 523 685 Quanto
548 622 758 687 quisque
784 622 877 673 sibi
902 624 1043 687 plura
1066 621 1332 686 negaverit,

317 707 398 754 Ab
424 705 499 754 dis
523 707 664 769 plura
687 707 822 755 feret.
897 705 983 754 Nil
1008 704 1315 769 cupientium

319 788 498 836 Nudus
523 796 683 836 castra
706 796 838 851 peto,
867 796 916 837 et
939 789 1191 852 transfuga
1214 786 1423 836 divitum

457 871 627 918 Partes
652 869 874 933 linquere
898 869 1072 943 gestio,
1133 889 1137 892 “

319 1002 635 1065 Contemptae
660 1000 890 1051 dominus
916 999 1222 1064 splendidior
1244 1004 1327 1061 re‘1‘,

322 1085 487 1145 Quam
512 1083 565 1144 si,
595 1083 838 1147 quidquid
862 1092 967 1132 arat
991 1082 1199 1147 impiger
1222 1083 1427 1147 Apulus,

320 1165 584 1214 Occultare
608 1164 732 1213 meis
758 1164 948 1213 dicerer
970 1164 1173 1225 horreis,

458 1248 671 1310 Magnas
696 1245 824 1295 inter
848 1262 969 1309 opes
995 1245 1155 1309 inops.

324 1379 464 1426 Purae
488 1377 619 1427 rivus
645 1393 802 1441 aquae,
831 1376 1054 1440 silvaque
1076 1378 1303 1441 jugerum

322 1461 613 1520 Paucorum,
643 1468 692 1509 et
717 1458 896 1523 segetis
922 1468 1057 1508 certa
1080 1460 1203 1508 fides
1229 1475 1368 1520 meae,

323 1543 615 1605 Fulgentem
639 1540 846 1604 imperio
871 1540 1039 1590 fertilis
1064 1540 1245 1590 Africae

459 1623 605 1672 Fallit
630 1632 760 1672 sorte
784 1622 989 1672 beatior.

326 1754 643 1816 Quamquam
667 1770 762 1803 nec
788 1755 1014 1803 Calabrae
1038 1754 1187 1802 mella
1211 1754 1372 1802 ferunt
1397 1769 1537 1815 apes,

326 1837 436 1884 Nec
461 1835 800 1899 Laestrygonia
825 1836 1051 1884 Bacchus
1077 1834 1128 1883 in
1153 1836 1392 1898 amphora

328 1916 625 1980 Languescit
649 1916 784 1978 mihi,
811 1933 905 1965 nec
929 1916 1131 1980 pinguia
1155 1916 1355 1966 Gallicis

462 1999 703 2047 Crescunt
726 1999 907 2047 vellera
930 1998 1141 2062 pascuiS,

329 2131 620 2192 Importuna
644 2137 812 2178 tamen
839 2128 1106 2192 Pauperies
1132 2130 1272 2179 abest
1290 2148 1303 2190 3

329 2213 454 2270 Nec,
482 2211 522 2259 si
546 2212 686 2274 plura
708 2211 872 2272 velim,
899 2220 952 2260 tu
977 2212 1095 2261 dare
1120 2212 1349 2275 deneges.

331 2294 601 2342 Contracto
625 2292 801 2341 melius
827 2309 979 2356 parva
1003 2292 1236 2356 cupidine

465 2372 743 2436 Vectigalia
766 2373 1028 2437 porrigam,

310 2504 496 2564 ·Quam
522 2502 561 2552 si
588 2503 875 2567 Mygdoniis
900 2521 1105 2568 regnum
1130 2504 1346 2568 Alyattei

333 2584 535 2647 Campis
560 2585 860 2634 continuem.
936 2587 1100 2635 Multa
1126 2574 1406 2649 petentibus

334 2668 531 2715 Desunt
553 2667 738 2715 multa:
774 2668 905 2716 bene
931 2677 1018 2727 est,
1046 2667 1125 2716 cui
1151 2669 1290 2716 Deus
1316 2667 1494 2716 obtulit

473 2750 642 2808 Parca,
669 2749 806 2811 quod
831 2749 948 2798 satis
975 2759 1060 2810 est,
1089 2767 1250 2798 manu.

1615 258 1722 321 279
