2072 3542
618 246 786 288 BOOK
823 247 1090 287 II.—-ODE
1131 247 1165 288 Ι.

391 391 505 452 Jam
529 405 662 452 nunc
686 388 869 437 minaci
893 406 1138 439 murmure
1163 407 1402 439 cornuum

395 470 683 534 Perstringis
707 487 860 531 aures,
884 473 989 534 jam
1014 471 1120 520 litui
1145 482 1379 535 strepunt,

460 555 574 617 Jam
598 554 757 616 fulgor
779 570 1026 602 armorum
1050 555 1247 617 fugaces

528 636 700 683 Terret
726 633 909 697 equos*
934 634 1254 699 equitumque
1277 637 1451 685 voltus.

393 764 580 814 Audire
604 781 811 828 magnos
831 767 935 828 jam
960 764 1132 814 videor
1156 766 1308 815 duces

394 848 513 895 Non
538 846 774 895 indecoro
799 849 996 910 pulvere
1022 847 1261 908 sordidos,

462 930 526 976 Et
550 937 730 976 cuncta
754 937 989 977 terrarum
1015 931 1219 978 subacta

529 1011 712 1058 Praeter
735 1018 953 1058 atrocem
979 1009 1198 1058 animum
1225 1010 1442 1060 Catonis.

385 1141 420 1189 J
424 1157 523 1190 uno
550 1149 599 1190 et
623 1141 830 1193 deorum
857 1140 1080 1204 quisquis
1107 1141 1312 1191 amicior

395 1222 526 1270 Afris
551 1222 707 1271 inulta
731 1231 944 1271 cesserat
968 1222 1216 1286 impotens

461 1305 658 1353 Tellure
683 1304 924 1352 victorum
948 1313 1156 1367 nepotes

528 1386 740 1435 Rettulit
764 1385 959 1435 inferias
982 1387 1250 1450 Jugurthae.

393 1515 517 1578 Quis
541 1533 646 1565 non
670 1516 848 1565 Latino
875 1516 1111 1581 sanguine
1138 1516 1365 1582 pinguior

393 1599 611 1661 Campus
637 1598 869 1661 sepulcris
893 1598 1045 1662 impia
1068 1599 1242 1662 proelia

462 1682 705 1741 Testatur,
733 1679 1056 1744 auditumque
1085 1681 1251 1730 Medis

531 1761 790 1826 Hesperiae
816 1762 1032 1812 sonitum
1056 1762 1246 1812 ruinae?

395 1891 494 1953 Qui
517 1908 691 1955 gurges
716 1900 800 1940 aut
825 1909 936 1955 quae
960 1892 1165 1941 flumina
1188 1893 1404 1957 lugubris

395 1974 574 2036 Ignara
596 1973 750 2022 belli?
786 1975 922 2037 quod
947 1991 1080 2023 mare
1106 1975 1319 2024 Dauniae

460 2055 580 2103 Non
606 2056 952 2104 decoloravere
978 2057 1181 2105 caedes?

529 2137 657 2198 Quae
681 2146 813 2186 caret
838 2153 924 2186 ora
948 2154 1118 2187 cruore
1143 2141 1350 2188 nostro?

393 2266 490 2314 Sed
514 2282 577 2315 ne
601 2266 795 2327 relictis,
827 2269 973 2315 Musa
996 2284 1193 2330 procax,
1218 2268 1360 2332 Jocis,

394 2350 513 2398 Ceae
536 2358 768 2398 retractes
794 2366 999 2398 munera
1023 2350 1184 2399 neniae
1207 2350 1254 2399 :†

463 2433 668 2480 Mecum
694 2430 909 2480 Dionaeo
936 2433 1026 2480 sub
1053 2441 1193 2480 antro

530 2515 709 2575 Quaere
734 2515 911 2563 modos
937 2514 1117 2564 leviore
1143 2516 1342 2578 plectro,
