2072 3542
586 257 754 299 BOOK
793 256 1082 298 III.—ODE
1122 256 1290 298 XXIV.

375 401 486 451 Illic
508 411 664 452 matre
688 402 967 452 carentibus

443 483 683 548 Privignis
706 483 882 533 mulier
904 492 1146 548 temperat
1169 483 1409 533 innocens
1427 502 1440 545 3

377 568 487 615 Nec
511 567 683 615 dotata
705 565 828 630 regit
852 565 1011 614 virum

445 648 655 711 Conjux,
684 664 779 696 nec
802 646 962 696 nitido
986 645 1094 695 fidit
1118 644 1390 695 adultero.⁹⁵

375 820 484 867 Dos
511 827 584 867 est
607 835 787 881 magna
809 817 1087 882 parentium

442 899 623 960 Virtus,
653 909 701 948 et
726 908 952 948 metuens
977 897 1174 948 alterius
1199 897 1287 946 viri

378 983 529 1032 Certo
554 983 741 1030 foedere
767 981 965 1030 castitas
981 999 995 1042 3

445 1065 509 1111 Et
533 1079 739 1126 peccare
763 1064 916 1123 nefaS,
945 1071 1029 1111 aut
1052 1061 1265 1125 pretium
1290 1070 1364 1110 est
1387 1060 1523 1111 mori.

381 1233 427 1282 O
454 1231 677 1296 quisquis
701 1234 837 1282 volet
861 1231 1038 1295 impias

448 1316 626 1364 Caedes
652 1324 700 1364 et
724 1314 914 1364 rabiem
938 1316 1110 1364 tollere
1135 1313 1358 1374 civicam,

379 1396 429 1445 Si
455 1406 641 1459 quaeret
669 1399 846 1444 PATER
871 1412 1082 1445 URBIUM

445 1477 697 1527 Subscribi
723 1478 909 1539 statuis,
936 1477 1233 1528 indomitam
1257 1477 1440 1526 audeat

380 1652 651 1700 Refrenare
675 1650 940 1711 licentiam,

449 1734 621 1781 Clarus
645 1732 938 1796 postgenitis
950 1751 964 1794 3
1000 1740 1259 1795 quatenus,
1285 1733 1383 1781 heu
1407 1733 1543 1781 nefas
1565 1736 1574 1781 l

378 1814 626 1863 Virtutem
651 1814 953 1874 incolumem
979 1814 1188 1875 odimus,

448 1896 704 1944 Sublatam
731 1913 791 1944 ex
816 1895 971 1944 oculis
997 1895 1260 1959 quaerimus
1286 1894 1453 1944 invidi.

385 2081 522 2144 Quid
546 2081 708 2131 tristes
735 2082 1071 2145 querimoniae,

449 2164 499 2214 Si
524 2181 627 2213 non
654 2165 899 2228 supplicio
919 2167 1066 2228 culpa
1089 2164 1358 2214 reciditur?

383 2245 518 2307 Quid
543 2247 676 2309 leges
702 2246 809 2295 sine
832 2246 1052 2295 moribus

448 2329 605 2376 Vanae
630 2327 908 2391 proficiunt,
937 2328 978 2377 si
1002 2345 1166 2391 neque
1191 2327 1391 2377 fervidis

384 2502 501 2549 Pars
526 2501 716 2550 inclusa
740 2501 985 2551 caloribus

454 2583 648 2644 Mundi,
676 2601 770 2632 nec
796 2586 967 2633 Boreae
992 2583 1256 2633 finitimum
1280 2585 1422 2645 latus,

383 2665 685 2727 Durataeque
711 2667 818 2714 solo
842 2665 994 2727 nives,

454 2748 784 2796 Mercatorem
808 2747 1026 2811 abigunt,
1053 2746 1252 2796 horrida
1277 2746 1442 2796 callidi

383 2929 605 2979 Vincunt
627 2947 828 2994 aequora
851 2931 1030 2980 navitae
1048 2933 1071 2980 ?

454 3014 695 3075 Magnum
718 3013 975 3076 pauperies
1001 3012 1320 3076 opprobrium
1339 3001 1484 3076 jubet

387 3093 596 3156 Quidvis
622 3104 670 3143 et
695 3096 854 3144 facere
879 3105 928 3144 et
952 3095 1053 3158 pati

452 3175 757 3239 Virtutisque
781 3176 912 3239 viam
937 3176 1119 3226 deserit
1143 3177 1308 3226 arduae

1674 259 1771 312 301
