2072 3542
1160 135 1170 151 f
1189 135 1204 147 ι’

1155 149 1186 170 is

587 230 589 232 '
654 224 820 265 BOOK
859 225 1120 265 IL—ODE
1160 225 1238 265 V..

795 536 966 585 CARM.
1005 537 1065 585 V.

430 711 670 759 Nondum
696 712 901 760 subacta
924 713 1047 760 ferre
1067 713 1241 775 jugum
1266 714 1394 762 valet

430 792 648 854 Cervice,
676 794 901 842 nondum
925 793 1093 842 munia
1117 795 1360 857 comparis

500 876 737 936 AEquare,
765 892 859 923 nec
885 875 1007 923 tauri
1033 875 1218 924 ruentis

567 957 628 1003 In
653 973 885 1006 venerem
912 958 1119 1006 tolerare
1144 958 1355 1020 pondus.

427 1130 571 1180 Circa
594 1130 805 1191 virentes
833 1141 905 1181 est
929 1132 1121 1181 animus
1146 1141 1243 1182 tuae

426 1213 646 1275 Campos
667 1214 910 1275 juvencae,
937 1231 1069 1262 nunc
1094 1214 1253 1263 fluviis
1276 1232 1473 1278 gravem

492 1294 708 1359 Solantis
734 1304 924 1355 aestum,
952 1312 1086 1344 nunc
1111 1295 1161 1343 in
1186 1297 1288 1345 udo

560 1377 754 1425 Ludere
780 1394 893 1425 cum
918 1377 1082 1426 vitulis
1109 1378 1282 1428 salicto

426 1552 801 1615 Praegestientis.
876 1555 1021 1602 Tolle
1047 1554 1332 1618 cupidinem

428 1633 640 1681 Immitis
665 1650 774 1682 uvae
796 1653 804 1682 :
838 1635 943 1697 jam
969 1635 1057 1684 tibi
1082 1635 1261 1685 lividos

490 1714 773 1778 Distinguet
796 1718 1107 1765 Auctumnus
1132 1734 1353 1767 racemos

558 1799 810 1860 Purpureo
835 1797 995 1847 varius
1021 1800 1199 1848 colore.

418 1975 531 2036 Jam
557 1982 604 2022 te
630 1983 889 2037 sequetur:
928 1974 1073 2024 currit
1098 1974 1239 2040 enims
1238 1962 1431 2053 ἷετόῃῗ

420 2058 579 2116 AEtas,
609 2065 657 2105 et
681 2056 763 2116 illi,
793 2073 918 2119 quos
943 2056 1033 2105 tibi
1058 2057 1340 2120 dempserit,
1418 2055 1421 2063 ¹

484 2141 720 2201 Apponet
744 2155 932 2200 annos·
963 2141 1067 2202 jam
1091 2148 1317 2202 proterva

554 2222 736 2269 Fronte
759 2230 895 2283 petet
921 2223 1103 2284 Lalage
1128 2221 1356 2269 maritum
1377 2240 1385 2269 :

416 2395 626 2457 Dilecta,
655 2406 895 2460 quantum
919 2414 1022 2446 non
1049 2399 1239 2447 Pholoe
1264 2382 1425 2466 fugax}

416 2480 535 2527 Non
561 2478 755 2527 Chloris
780 2481 895 2528 albo
919 2479 991 2528 sic
1014 2481 1221 2528 humero
1246 2479 1422 2540 nitens,

482 2561 555 2609 Ut
579 2576 701 2622 pura
723 2569 967 2609 nocturno
991 2560 1183 2610 renidet

548 2643 689 2690 Luna
714 2642 848 2703 mari,
879 2642 1150 2702 Cnidiusve
1176 2644 1353 2706 Gyges,

1671 229 1760 281 141
