2072 3542
723 249 925 291 EPoDE
963 250 1066 291 vn.
1618 254 1727 307 449

55 393 215 444 dition
251 396 309 444 of
337 397 590 458 Augustus
626 394 818 459 against
854 395 1029 444 Sextus
1067 393 1350 458 Pompeius,
1375 394 1536 444 which
1559 393 1601 444 is
1637 404 1726 445 not

52 492 170 540 very
209 478 482 540 probable3
541 477 720 538 others,
770 476 928 541 again,
978 475 1234 540 including
1280 478 1490 537 Franke,
1540 485 1593 527 to
1640 478 1726 527 the

53 558 202 605 much
226 558 349 607 later
383 558 497 607 date
522 559 580 607 of
609 572 719 619 722,
747 558 831 606 the
855 559 949 606 last
972 574 1070 606 war
1099 559 1324 607 between
1347 560 1600 622 Augustus
1624 559 1724 607 and

55 639 200 686 Mark
224 641 439 703 Antony.
515 639 678 688 Ritter
712 640 958 688 contends
994 640 1100 689 that
1134 639 1173 688 it
1206 641 1383 689 relates
1419 649 1472 690 to
1508 640 1592 690 the
1626 657 1726 690 war

51 719 242 783 against
267 723 443 770 Brutus
467 722 568 770 and
594 721 806 771 Cassius.

721 940 891 988 CARM.
932 941 1007 987 VI
1015 941 1054 990 I.

323 1090 453 1151 Quo,
480 1105 580 1152 quo
605 1088 800 1138 scelesti
823 1088 960 1138 ruitis
975 1091 998 1138 ?
1032 1098 1117 1138 aut
1141 1105 1227 1138 cur
1250 1088 1463 1138 dexteris

384 1173 633 1234 Aptantur
657 1187 799 1220 enses
824 1170 1049 1221 conditi?

321 1254 566 1302 Parumne
591 1252 778 1316 campis
803 1262 951 1316 atque
977 1255 1216 1316 Neptuno
1241 1269 1386 1316 super

388 1335 572 1383 Fusum
597 1343 671 1383 est
696 1333 859 1383 Latini
883 1334 1146 1398 sanguinis,

321 1418 455 1476 Non,
480 1426 535 1465 ut
559 1418 794 1546 superpcas
819 1416 1001 1465 invidae
1027 1415 1336 1481 Carthaginis

389 1499 648 1546 Romanus
673 1514 725 1545 ar
757 1514 810 1547 es
833 1507 994 1547 ureret
1011 1516 1025 1559 ς

321 1581 544 1628 Intactus
570 1587 654 1628 aut
680 1578 943 1628 Britannus
967 1589 1021 1628 ut
1045 1580 1371 1629 descenderet

387 1662 535 1710 Sacra
558 1670 813 1710 catenatus
838 1661 948 1722 Via,

319 1743 418 1792 Sed
442 1752 509 1803 ut,
538 1744 812 1792 secundum
836 1752 954 1792 vota
978 1744 1284 1804 Parthorum,
1312 1760 1401 1793 sua

388 1826 522 1874 Urbs
546 1825 656 1874 haec
677 1825 856 1888 periret
880 1826 1118 1875 dextera?

321 1908 501 1969 Neque
524 1906 607 1955 hic
629 1906 758 1970 lupis
782 1924 906 1968 mos,
933 1924 1028 1956 nec
1051 1906 1141 1956 fuit
1164 1906 1393 1957 leonibus

388 1987 640 2048 Unquam,
667 1985 762 2035 nisi
787 1985 837 2034 in
862 1985 1042 2049 dispar,
1069 1985 1193 2035 feris.

320 2068 540 2116 Furorne
564 2084 740 2129 caecus,
767 2084 832 2116 an
855 2067 982 2130 rapit
1005 2066 1078 2116 vis
1102 2066 1294 2117 acrior?
1311 2066 1338 2091 ÷÷

385 2151 468 2197 An
493 2150 675 2213 culpa?
743 2152 1061 2213 Responsum
1086 2150 1201 2199 date
1222 2153 1230 2198 ἕ

318 2231 512 2279 Tacent
529 2249 542 2292 3
580 2239 628 2280 et
652 2232 792 2280 albus
818 2248 904 2280 ora
927 2232 1086 2294 pallor
1108 2230 1277 2291 inficit,

389 2313 689 2375 Mentesque
711 2314 951 2376 perculsae
976 2322 1188 2376 stupent.

319 2392 399 2443 Sic
424 2403 526 2442 est:
563 2395 743 2443 acerba
765 2396 866 2443 fata
890 2397 1147 2444 Romanos
1172 2386 1337 2458 agunt,

386 2475 655 2538 Scelusque
679 2477 904 2525 fraternae
927 2476 1080 2536 necis,

321 2557 393 2606 Ut
409 2555 440 2605 †
462 2555 765 2605 immerentis
789 2556 929 2606 fluxit
952 2557 1004 2605 in
1029 2566 1208 2607 terram
1234 2556 1382 2606 Remi

386 2638 534 2687 Sacer
556 2638 821 2702 nepotibus
846 2655 1000 2689 cruor.

525 2891 707 2939 Epom:
743 2892 891 2940 VIII.
968 2893 1234 2942 OMITTED.

836 3277 919 3309 2F
