2072 3542
561 301 729 342 BOOK
766 301 1053 342 111.—0DE
1095 302 1267 343 XXIX.
1642 306 1741 360 325

485 433 716 495 (ΞΙέῑΠιοΓε
740 445 1014 510 vicinaeque
1040 446 1189 509 silvae,

554 529 679 577 Cum
705 530 807 577 fera
830 527 1037 578 diluvies
1063 528 1268 592 quietos,

418 655 579 705 Irritat
603 674 787 708 amnes.
863 652 968 708 Ille'
979 668 1158 723 potens
1184 659 1258 708 sui

415 740 678 802 Laetusque
703 741 865 803 deget,
892 740 972 789 cui
996 741 1111 790 licet
1136 741 1186 789 in
1212 741 1345 791 diem

484 820 681 870 Dixisse
705 821 819 869 Vixi
840 821 892 871 :⁹⁶
917 839 1022 871 cras
1046 824 1125 871 vel
1149 831 1254 871 atra
1474 840 1512 876 7

555 904 704 951 Nube
730 904 902 965 polum
929 906 1075 953 Pater
1098 913 1361 978 occupato,
1391 968 1397 970 „
1505 899 1519 935 ‘

417 1024 512 1072 Vel
538 1025 642 1073 sole
667 1041 791 1087 puro
806 1044 820 1087 3
857 1042 960 1074 non
986 1035 1154 1075 tamen
1178 1025 1366 1075 irritum

419 1106 768 1169 Quodcunque
793 1115 921 1156 retro
949 1116 1036 1168 est,
1064 1107 1255 1169 efficiet,
1283 1125 1447 1172 neque

484 1186 723 1250 Diffinget
746 1187 1084 1251 infectumque
1107 1189 1294 1250 reddet,

554 1268 705 1329 Quod
730 1268 920 1332 fugiens
946 1270 1098 1318 semel
1122 1270 1244 1319 hora
1267 1270 1412 1319 vexit.

419 1392 639 1439 Fortuna
663 1408 796 1441 saevo
821 1393 936 1441 laeta
959 1392 1176 1456 negotio,
1205 1403 1254 1442 et

419 1472 616 1520 Ludum
641 1471 939 1522 insolentem
963 1475 1133 1523 ludere
1157 1474 1395 1537 pertinax,

486 1556 806 1603 Transrnutat
830 1555 1043 1605 incertos
1068 1557 1298 1616 honores,

556 1638 704 1684 Nunc
728 1636 862 1698 mihi,
890 1654 1024 1686 nunc
1047 1637 1129 1686 alii
1153 1637 1381 1702 benigna.

420 1760 594 1807 Laudo
620 1769 905 1809 manentem
921 1779 935 1822 3
951 1762 981 1811 †
1005 1760 1045 1809 si
1070 1763 1254 1810 celeres
1279 1761 1437 1824 quatit

419 1841 628 1902 Pennas,
657 1840 853 1904 resigno
880 1857 991 1904 quae
1016 1842 1168 1903 dedit,
1197 1851 1246 1891 et
1270 1859 1382 1891 mea

485 1922 680 1972 Virtute
705 1940 785 1972 me
809 1922 1010 1973 involvo
1034 1926 1343 1987 probamque

555 2004 849 2067 Pauperiem
873 1992 979 2054 sine
1004 2006 1122 2055 dote
1147 2022 1328 2068 quaero.

419 2123 537 2170 Non
564 2131 638 2171 est
661 2139 842 2183 meum,
871 2122 912 2171 si
935 2122 1122 2186 mugiat
1145 2122 1324 2171 Africis

422 2204 588 2252 Malus
612 2203 857 2267 procellis,
885 2205 949 2253 ad
974 2204 1175 2253 miseras
1199 2221 1372 2268 preces

486 2286 759 2334 Decurrere
779 2305 793 2347 3
830 2295 879 2335 et
901 2286 1029 2335 votis
1055 2286 1254 2350 pacisci,

555 2369 635 2416 Ne
660 2367 855 2432 Cypriae
881 2368 1143 2432 Tyriaeque
1167 2385 1356 2418 merces

416 2487 622 2536 Addant
646 2505 794 2537 avaro
820 2488 1017 2537 divitias
1042 2488 1164 2536 mari
1185 2508 1195 2538 ε

419 2571 563 2617 Tunc
586 2587 680 2632 me,
706 2570 906 2620 biremis
930 2571 1161 2634 praesidio
1186 2572 1419 2635 scaphaess

484 2653 685 2712 Tutum,
711 2669 799 2715 per
821 2655 1026 2716 AEgaeos
1051 2654 1290 2701 tumultus

557 2735 693 2782 Aura
716 2735 838 2782 feret
862 2734 1188 2797 geminusque
1216 2735 1403 2783 Pollux.

82 2893 129 2934 of
143 2894 213 2934 the
234 2893 333 2933 time
353 2893 399 2932 of
415 2893 685 2944 Commodus,
720 2896 927 2936 inscribed
961 2897 990 2916 ‘⁴
1008 2897 1202 2935 Fortunae
1234 2894 1467 2944 Manenti,²'
1498 2895 1541 2934 in
1570 2896 1708 2936 which
1738 2910 1763 2936 a

81 2971 247 2998 woman
267 2957 301 2996 is
321 2959 584 3008 represented
602 2960 733 2998 seated
747 2960 923 3013 holding
942 2974 967 3000 a
986 2960 1108 3000 horse
1127 2960 1183 3011 by
1198 2959 1269 2999 the
1283 2959 1419 2999 halter
1437 2959 1537 2999 with
1558 2960 1633 3000 her
1652 2960 1762 3012 right

80 3023 292 3064 hand—in
311 3021 386 3062 her
404 3021 478 3062 left
497 3037 522 3062 a
542 3025 804 3077 cornucopia.
879 3026 902 3065 I
932 3025 1039 3065 have
1070 3024 1234 3064 availed
1266 3023 1421 3076 myself
1444 3024 1492 3063 of
1515 3025 1597 3064 this
1625 3025 1762 3076 image

82 3088 126 3128 in
146 3087 394 3139 translating
418 3088 447 3107 “
463 3086 744 3128 manentem.''

138 3154 166 3200 ,τ
197 3153 227 3173 “
241 3151 415 3191 Biremis
436 3151 636 3204 scaphae,''
667 3166 692 3192 a
721 3154 952 3194 two-oared
971 3154 1085 3203 boat,
1115 3153 1256 3194 rowed
1275 3154 1331 3205 by
1350 3165 1376 3192 a
1395 3152 1527 3205 single
1556 3166 1761 3192 rower.——

91 3217 284 3257 ORELLI.
