2072 3542
620 264 787 306 BOOK
827 265 902 306 IV.
909 266 1108 307 —ODE
1148 266 1219 308 IV.

394 405 635 455 Doctrina
658 408 746 456 sed
770 406 870 456 vim
894 417 1153 471 promovet
1176 407 1386 469 insitam,

394 487 640 551 Rectique
665 490 824 538 cultu-s
848 499 1051 553 pectora
1073 492 1309 540 roborant
1324 510 1339 553 3

461 571 732 633 Utcunque
757 571 983 621 defecere
1006 589 1183 633 mores,

527 653 829 702 Indecorant
852 654 981 703 bene
1005 663 1123 703 nata
1147 656 1318 718 culpae.

393 807 529 870 Quid
553 809 754 870 debeaS,
783 810 828 859 O
856 812 1034 872 Roma,
1064 811 1363 873 Neronibus,

397 890 563 939 Testis
591 892 873 940 Metaurum
897 893 1095 954 flumen,
1126 902 1174 942 et
1201 894 1490 943 Hasdrubal

459 971 712 1034 Devictus,
742 982 790 1022 et
814 975 1020 1036 pulcher
1042 974 1219 1038 fugatis

526 1055 618 1103 Ille
643 1054 749 1104 dies
776 1055 920 1105 Latio
945 1056 1175 1117 tenebris,

391 1209 490 1272 Qui
513 1210 699 1274 primus
724 1212 853 1260 alma
876 1212 980 1261 risit
1003 1213 1198 1275 adorea,

392 1292 540 1341 Dirus
565 1310 654 1356 per
676 1296 823 1343 urbes
846 1296 967 1343 Afer
990 1304 1044 1343 ut
1070 1296 1235 1357 Italas,

455 1377 560 1424 Ceu
585 1376 784 1424 flamma
807 1393 895 1440 per
919 1377 1087 1437 taedas,
1115 1379 1193 1426 vel
1221 1379 1379 1426 Eurus

526 1459 620 1506 Per
643 1457 830 1506 Siculas
857 1458 1094 1522 equitavit
1118 1459 1291 1508 undas.

389 1618 510 1666 Post
533 1618 631 1667 hoc
655 1618 886 1667 secundis
910 1635 1066 1682 usque
1090 1619 1341 1669 laboribus

389 1701 621 1748 Romana
643 1702 802 1763 pubes
828 1700 995 1761 crevit,
1023 1710 1071 1750 et
1096 1700 1249 1765 impio

455 1782 663 1829 Vastata
689 1783 957 1830 Poenorum
981 1783 1194 1830 tumultu

522 1864 660 1911 Fana
684 1863 805 1912 deos
830 1864 1046 1913 habuere
1069 1873 1230 1913 rectos
1251 1884 1261 1913 t

386 2017 623 2081 Dixitque
648 2019 851 2068 tandem
875 2020 1090 2083 perfidus
1118 2020 1374 2069 Hannibal
1397 2041 1408 2070 τ

389 2103 401 2124 ‘
418 2100 575 2161 Cervi,
604 2102 831 2164 luporum
856 2103 1025 2165 praeda
1048 2101 1313 2165 rapacium,

453 2183 708 2231 Sectamur
730 2184 871 2243 ultro,
901 2200 1026 2246 quos
1052 2183 1246 2247 opimus

519 2265 710 2313 Fallere
736 2274 785 2313 et
809 2266 1021 2328 effugere
1046 2275 1119 2315 est
1144 2265 1429 2329 triumphus.

385 2421 535 2479 Gens,
563 2437 674 2483 quae
700 2430 919 2471 cremato
943 2421 1080 2471 fortis
1105 2423 1168 2471 ab
1196 2421 1290 2470 Ilio

383 2504 579 2565 Jactata
602 2502 778 2552 Tuscis
803 2503 1084 2566 aequoribus
1110 2520 1259 2564 sacra,

454 2586 712 2647 Natosque
736 2594 1052 2648 maturosque
1076 2594 1239 2648 patres

521 2665 726 2714 Pertulit
750 2666 998 2716 Ausonias
1024 2667 1089 2715 ad
1113 2668 1272 2726 urbes,

387 2817 535 2867 Duris
559 2827 614 2868 ut
637 2819 734 2868 ilex
758 2828 903 2869 tonsa
925 2819 1225 2884 bipennibus

387 2899 554 2963 Nigrae
579 2900 726 2950 feraci
750 2901 937 2951 frondis
961 2901 1012 2950 in
1038 2901 1234 2965 Algido,

1658 259 1758 325 363
