2072 3542
559 253 727 295 BOOK
767 253 1005 294 1.—-ODE
1045 237 1243 294 XXVII}

1109 418 1189 484 bs

673 528 843 577 CARM.
879 529 1099 577 XXVII.

323 669 370 716 N
375 666 497 716 atis⁹⁵
521 666 571 715 in
596 683 741 734 usum
765 665 948 715 laetitiae
974 664 1170 729 scyphis

322 752 547 813 Pugnare
571 750 820 797 Thracum
848 757 949 797 est:
986 746 1144 797 tollite
1169 748 1432 796 barbarum

389 833 602 892 Morem,
628 830 1064 893 verecundumque
1090 830 1338 878 Bacchum

456 912 745 977 Sanguineis
769 911 1029 975 prohibete
1053 910 1167 960 rixis
1189 915 1198 959 Ξ

321 1064 454 1114 Vino
480 1073 528 1114 et
551 1063 763 1113 lucernis
790 1064 973 1113 Medus
998 1062 1225 1112 acinaces

322 1149 550 1195 Immane
574 1155 814 1210 quantum
839 1145 1113 1208 discrepat:
1150 1143 1356 1208 impium

391 1227 568 1278 Lenite
593 1230 874 1288 clamorem,
901 1228 1111 1288 sodales,

458 1313 523 1359 Et
548 1309 716 1360 cubito
740 1319 992 1359 remanete
1015 1325 1186 1373 presso
1207 1313 1215 1358 1

324 1463 486 1513 Voltis
512 1463 668 1514 severi
691 1480 772 1513 me
797 1480 999 1526 quoque
1025 1479 1217 1511 sumere

326 1547 523 1595 Partem
548 1545 780 1595 Falerni?
817 1544 968 1594 Dicat
993 1543 1228 1608 Opuntiae

391 1630 563 1677 Frater
588 1626 821 1691 Megillae,
849 1643 949 1690 quo
973 1628 1149 1675 beatus

458 1710 691 1770 Vulnere,
718 1726 817 1772 qua
839 1717 1010 1773 pereat
1034 1707 1223 1772 sagitta.

327 1861 502 1910 Cessat
523 1860 751 1909 voluntas
767 1861 790 1907 Ρ
826 1861 944 1908 Non
968 1857 1064 1908 alia
1087 1857 1257 1908 bibam

327 1942 578 1990 Mercede.
655 1942 782 2003 Quae
807 1950 856 1990 te
882 1957 1079 2004 cunque
1104 1941 1276 1990 domat
1300 1941 1488 2001 Venus,

393 2025 514 2073 Non
539 2021 887 2072 erubescendis
911 2021 1072 2071 adurit

460 2104 680 2169 Ignibus,
707 2104 1024 2168 ingenuoque
1049 2120 1243 2167 semper

325 2263 509 2310 Amore
533 2276 725 2324 peccas.
801 2258 1059 2322 Quidquid
1082 2259 1253 2317 habes,
1279 2273 1383 2321 age,

328 2344 543 2406 Depone
567 2341 683 2391 tutis
708 2341 918 2391 auribus.
991 2342 1073 2389 Ah
1097 2339 1258 2400 miser,

396 2424 599 2485 Quanta
622 2423 885 2472 laborabas
912 2420 1182 2485 Charybdi,

462 2505 628 2569 Digne
652 2521 776 2568 puer
797 2503 1002 2553 meliore
1026 2505 1226 2551 flamma
1248 2507 1255 2550 !

328 2657 455 2718 Quae
480 2672 608 2720 saga,
636 2655 746 2720 quis
770 2665 820 2706 te
845 2656 1035 2705 solvere
1060 2652 1312 2703 Thessalis

329 2740 509 2802 Magus
533 2738 753 2800 venenis,
781 2737 891 2801 quis
914 2736 1096 2801 poterit
1121 2737 1281 2785 deus?

393 2819 492 2869 Vix
514 2818 754 2884 illigatum
778 2829 827 2869 te
852 2818 1057 2868 triformi

462 2903 680 2966 Pegasus
706 2900 936 2965 expediet
961 2899 1219 2950 Chimaera.

1648 256 1712 309 91
