2072 3542
541 270 736 313 ,BOOK
775 271 1013 313 L—ODE
1053 272 1284 314 XXVIIL

1196 490 1252 543 Χ

687 606 859 654 CARM.
901 605 1150 653 XXVIII.

287 771 361 818 Te
384 768 531 818 maris
557 777 605 818 et
629 778 770 819 terrae
795 787 1100 834 numeroque
1125 769 1336 820 carentis
1361 787 1524 820 arenae

429 907 432 913 Ι
492 853 778 901 Mensorem
805 852 1055 914 cohibent,
1082 854 1316 917 Archyta,

292 932 512 982 Pulveris
538 933 700 997 exigui
724 950 880 998 prope
903 933 1017 983 litus
1041 951 1193 998 parva
1218 933 1466 983 Matinum

491 1016 716 1077 Munera,
743 1032 838 1064 nec
863 1015 1134 1079 quidquam
1158 1015 1247 1065 tibi
1272 1017 1473 1079 prodest

289 1174 463 1224 A'erias
489 1183 706 1224 tentasse
732 1176 924 1237 domos,
952 1175 1218 1238 animoque
1243 1177 1506 1225 rotundum

493 1256 797 1307 Percurrisse
822 1259 1007 1321 polum,
1035 1257 1323 1326 morituro„
1348 1287 1406 1302 „
1481 1239 1503 1273 5

294 1337 493 1388 Occidit
518 1348 567 1387 et
593 1338 793 1402 Pelopis
817 1326 1263 1403 genitor'3“con{⁷iva
1288 1340 1508 1399 deorum,

493 1420 839 1484 Tithonusque
863 1430 1079 1471 remotus
1104 1420 1155 1469 in
1179 1437 1333 1481 auras,

297 1585 360 1632 Et
385 1582 523 1646 Jovis
546 1581 736 1632 arcanis
764 1581 933 1631 Minos
957 1581 1216 1648 admissus,
1241 1583 1525 1645 habentque

496 1667 702 1713 Tartara
728 1647 1243 1713 Panthoiden‘iffrum
1269 1665 1402 1714 Orco

298 1746 612 1808 Demissum3
650 1745 887 1809 quamvis,
916 1747 1090 1809 clypeo
1116 1746 1334 1807 Trojana
1357 1747 1508 1794 refixo

497 1831 748 1892 Tempora
772 1837 990 1889 testatus,
1018 1827 1139 1875 nihil
1163 1829 1289 1876 ultra

297 1993 345 2040 N
351 2007 491 2040 ervos
516 2000 665 2054 atque
690 2000 855 2039 cutem
881 1989 1034 2039 Morti
1059 1999 1372 2039 concesserat
1395 1999 1525 2051 atrae,

493 2072 672 2136 Judice
698 2081 746 2121 te
771 2089 874 2121 non
900 2071 1128 2121 sordidus
1153 2080 1328 2120 auctor

299 2156 501 2203 Naturae
525 2153 737 2216 verique.
812 2155 910 2203 Sed
936 2169 1110 2202 omnes
1135 2170 1235 2201 una
1258 2161 1425 2201 manet
1450 2169 1561 2212 nox,

502 2238 565 2285 Et
589 2236 829 2284 calcanda
853 2236 1006 2284 semel
1029 2235 1109 2284 via
1132 2234 1229 2284 leti.

301 2398 438 2445 Dant
462 2395 583 2445 alios
609 2395 768 2445 Furiae
792 2405 933 2444 torvo
959 2396 1240 2458 spectacula
1267 2393 1415 2443 Marti
1432 2413 1445 2456 3

504 2477 666 2527 Exitio
691 2486 764 2527 est
788 2477 988 2526 avidum
1011 2493 1144 2526 mare
1168 2476 1329 2525 nautis
1346 2495 1360 2538 3
