2072 3542
570 204 738 244 BOOK
777 203 1040 244 11.-ODE
1081 204 1252 245 XVIII.
1651 208 1669 245 Ι
1679 207 1714 262 9
1725 207 1744 244 t

276 348 355 395 Tu
380 346 598 395 secanda
620 361 869 394 marmora

341 430 502 477 Locas
527 430 619 477 sub
644 427 807 491 ipsum
831 429 976 476 funus
994 446 1007 490 3
1044 437 1094 477 et
1119 428 1332 493 sepulcri

279 512 552 559 Immemor
576 509 719 558 struis
745 510 938 571 domos,

348 591 602 655 Marisque
628 591 761 640 Baiis
786 590 1118 656 obstrepentis
1142 608 1285 655 urges

278 784 600 832 Summovere
625 782 782 844 litora,

344 867 524 912 Parum
548 865 771 927 locuples
797 863 1084 913 continente
1108 863 1261 928 ripa?⁶

280 946 428 1007 Quid,
457 947 594 1009 quod
618 962 774 1008 usque
798 946 1050 1009 proximos

348 1027 565 1077 Revellis
590 1027 691 1092 agri
716 1027 964 1089 terminOS,
993 1037 1042 1077 et
1066 1029 1192 1077 ultra

280 1219 484 1269 Limites
508 1219 763 1269 clientium

345 1301 468 1351 Salis
493 1305 705 1351 avarus?
776 1300 979 1351 Pellitur
1001 1310 1235 1365 paternos

281 1386 341 1433 In
368 1383 477 1432 sinu
503 1386 664 1433 ferens
690 1384 812 1432 deos

349 1468 412 1515 Et
435 1482 570 1527 uxor,
599 1475 648 1515 et
671 1465 757 1526 vir,
785 1464 1114 1527 sordidosque
1139 1474 1298 1514 natos,

281 1658 431 1705 Nulla
454 1656 633 1706 certior
647 1665 822 1706 tamen

348 1738 565 1802 Rapacis
592 1738 710 1788 Orci
734 1740 833 1788 fine
858 1738 1106 1788 destinata

278 1822 408 1870 Aula
433 1820 638 1870 divitem
662 1830 830 1870 manet

350 1905 556 1952 Herum.
632 1902 767 1964 Quid
790 1903 917 1952 ultra
940 1901 1140 1951 tendis?
1209 1903 1378 1965 AEqua
1402 1903 1545 1951 tellus

282 2093 494 2157 Pauperi
516 2092 783 2142 recluditur

349 2178 645 2240 Regumque
669 2175 847 2239 pueris,
876 2192 970 2224 nec
996 2176 1191 2224 satelles
1218 2174 1336 2224 Orci

282 2257 530 2307 Callidum
556 2259 851 2307 Promethea

350 2340 561 2389 Revexit
584 2357 704 2389 auro
730 2349 916 2404 captus,
992 2339 1095 2388 Hic
1121 2342 1385 2403 superbum

281 2525 547 2573 Tantalum
572 2533 723 2587 atque
747 2523 949 2573 Tantali
1000 2510 1169 2541 s
1275 2439 1358 2540 al
1440 2510 1447 2522 Ι

351 2607 520 2655 Genus
546 2609 754 2672 coercet,
781 2605 864 2654 hic
887 2607 1048 2654 levare
1072 2607 1295 2654 functum

285 2689 560 2750 Pauperem
585 2687 838 2736 laboribus

350 2771 572 2818 Vocatus
596 2778 745 2831 atque
769 2785 871 2817 non
897 2778 1101 2817 vocatus
1125 2768 1274 2818 audit.

135 3015 157 3035 ⁴*
186 3017 237 3056 In
255 3016 432 3056 allusion
452 3022 496 3056 to
515 3016 586 3056 the
605 3016 784 3068 practice
804 3016 852 3056 of
875 3016 946 3057 the
964 3016 1143 3069 wealthy
1160 3017 1345 3056 Romans
1365 3017 1407 3056 in
1426 3016 1616 3068 building
1633 3015 1752 3055 villas

82 3089 153 3122 out
172 3081 260 3122 into
281 3082 351 3122 the
371 3095 452 3130 sea,
478 3094 533 3121 on
554 3080 742 3122 artifieial
760 3081 1140 3132 foundations-as‚
1164 3081 1266 3134 long
1293 3082 1545 3131 afterwards,
1570 3093 1662 3121 rose
1682 3080 1751 3120 the

80 3143 218 3188 whole
237 3146 319 3199 city
338 3146 386 3186 of
400 3146 567 3186 Venice.
1043 3148 1046 3150 ’
